2017.07.20 04:00:00.443,1.00041,1.0006,1.00,1.12
2017.07.20 04:00:00.505,1.00039,1.0006,1.00,1.12
2017.07.20 04:00:01.927,1.00039,1.00059,1.00,1.00
2017.07.20 04:00:02.546,1.00036,1.0006,1.00,1.12
2017.07.20 04:00:02.597,1.00043,1.00062,1.00,2.25
2017.07.20 04:00:02.648,1.00043,1.00062,1.00,1.50
2017.07.20 04:00:02.951,1.00046,1.00062,1.00,1.50
2017.07.20 04:00:03.569,1.00045,1.00062,1.00,1.50
2017.07.20 04:00:04.074,1.00044,1.00062,1.00,1.00
2017.07.20 04:00:05.139,1.00046,1.00062,1.00,1.00
2017.07.20 04:00:10.862,1.00046,1.00065,1.00,3.37
2017.07.20 04:00:12.413,1.00049,1.00065,1.00,3.37
2017.07.20 04:00:12.666,1.0005,1.00065,1.00,1.12
2017.07.20 04:00:12.717,1.0005,1.0007,1.00,1.50
2017.07.20 04:00:12.768,1.0005,1.0007,1.00,1.50
2017.07.20 04:00:20.154,1.00054,1.00072,1.00,2.25
2017.07.20 04:00:20.408,1.0006,1.00076,1.00,2.62
2017.07.20 04:00:20.477,1.00057,1.00076,1.00,2.62
2017.07.20 04:00:20.997,1.00056,1.00076,1.00,1.87
2017.07.20 04:00:21.048,1.00056,1.00075,1.00,1.37
2017.07.20 04:00:21.301,1.00057,1.00076,1.00,1.00
2017.07.20 04:00:21.804,1.00057,1.00075,1.00,1.00
2017.07.20 04:00:22.844,1.0006,1.00075,1.00,1.00
2017.07.20 04:00:22.945,1.00057,1.00075,1.00,1.00
2017.07.20 04:00:23.316,1.00059,1.00076,1.00,1.00
2017.07.20 04:00:24.054,1.00058,1.00077,1.00,1.00
2017.07.20 04:00:25.107,1.00058,1.00077,1.00,2.25
2017.07.20 04:00:25.310,1.00056,1.00076,1.00,1.37
2017.07.20 04:00:28.445,1.00054,1.00075,1.00,1.12
2017.07.20 04:00:29.690,1.00054,1.00075,1.00,1.50
2017.07.20 04:00:30.385,1.00054,1.00075,1.00,1.00
2017.07.20 04:00:31.347,1.00057,1.00075,1.00,1.00
2017.07.20 04:00:31.672,1.00059,1.00075,1.00,1.00
2017.07.20 04:00:31.774,1.0006,1.00079,1.00,1.75
2017.07.20 04:00:31.825,1.0006,1.00079,1.00,1.00
2017.07.20 04:00:31.876,1.00062,1.00082,1.00,3.00
2017.07.20 04:00:32.028,1.00062,1.00082,1.00,1.87
2017.07.20 04:00:32.582,1.00062,1.00081,1.00,1.00
2017.07.20 04:00:33.178,1.00061,1.00082,1.00,2.62
2017.07.20 04:00:33.939,1.00063,1.00082,1.00,1.87
2017.07.20 04:00:34.892,1.00065,1.00083,1.00,1.50
2017.07.20 04:00:37.366,1.00066,1.00084,1.00,2.25
2017.07.20 04:00:37.620,1.00073,1.0009,1.00,1.00
2017.07.20 04:00:38.160,1.00073,1.00091,1.00,1.50
2017.07.20 04:00:38.793,1.00072,1.00091,1.00,1.00
2017.07.20 04:00:39.313,1.00072,1.00092,1.00,1.00
2017.07.20 04:00:40.341,1.00072,1.00091,1.00,1.00
2017.07.20 04:00:40.898,1.00076,1.00092,1.00,1.00
2017.07.20 04:00:40.949,1.00076,1.00095,1.00,2.25
2017.07.20 04:00:41.000,1.00074,1.00093,1.00,1.00
2017.07.20 04:00:41.516,1.00073,1.00093,1.00,1.00
2017.07.20 04:00:42.028,1.00073,1.00092,1.00,1.00
2017.07.20 04:00:44.698,1.00073,1.00093,1.00,1.50
2017.07.20 04:00:44.963,1.00073,1.00091,1.00,1.00
2017.07.20 04:00:45.586,1.00073,1.00092,1.00,1.00
2017.07.20 04:00:47.894,1.00073,1.00091,1.00,1.00
2017.07.20 04:00:49.547,1.00073,1.00092,1.00,1.00
2017.07.20 04:00:54.875,1.00074,1.00092,1.00,1.00
2017.07.20 04:00:55.077,1.00072,1.00093,1.00,1.87
2017.07.20 04:00:56.467,1.00072,1.00092,1.00,1.00
2017.07.20 04:00:57.237,1.00072,1.00091,1.00,1.00
2017.07.20 04:00:59.198,1.00071,1.00092,1.00,1.00
2017.07.20 04:00:59.248,1.00068,1.00088,1.50,1.50
2017.07.20 04:00:59.751,1.00071,1.00089,1.00,1.12
2017.07.20 04:01:00.116,1.00069,1.00089,1.00,1.12
2017.07.20 04:01:02.220,1.0007,1.00089,1.00,1.12
2017.07.20 04:01:02.271,1.00073,1.00089,1.00,1.12
2017.07.20 04:01:02.372,1.00073,1.00091,1.00,1.00
2017.07.20 04:01:02.777,1.00075,1.00092,1.00,1.12
2017.07.20 04:01:03.336,1.00073,1.00092,1.00,1.12
2017.07.20 04:01:03.568,1.00075,1.00092,1.00,1.12
2017.07.20 04:01:12.292,1.00075,1.00091,1.00,1.00
2017.07.20 04:01:12.952,1.00075,1.0009,1.00,1.00
2017.07.20 04:01:13.556,1.00074,1.0009,1.00,1.00
2017.07.20 04:01:14.459,1.00072,1.00091,1.00,1.37
2017.07.20 04:01:15.205,1.00072,1.00091,1.00,1.75
2017.07.20 04:01:15.510,1.00073,1.00091,1.00,1.50
2017.07.20 04:01:18.801,1.00073,1.00092,1.00,1.00
2017.07.20 04:01:20.285,1.00073,1.00091,1.00,1.00
2017.07.20 04:01:20.835,1.00073,1.00092,1.00,1.00
2017.07.20 04:01:21.843,1.00074,1.00091,1.00,1.00
2017.07.20 04:01:22.836,1.00073,1.00091,1.00,1.00
2017.07.20 04:01:23.526,1.00073,1.00092,1.00,1.00
2017.07.20 04:01:23.855,1.0007,1.00091,1.12,1.00
2017.07.20 04:01:24.372,1.0007,1.0009,1.00,1.00
2017.07.20 04:01:24.905,1.0007,1.00091,1.00,1.50
2017.07.20 04:01:25.533,1.0007,1.0009,1.00,1.00
2017.07.20 04:01:28.991,1.00072,1.00091,1.00,1.50
2017.07.20 04:01:29.517,1.00071,1.0009,1.00,1.00
2017.07.20 04:01:30.027,1.00068,1.0009,1.00,1.00
2017.07.20 04:01:30.129,1.00068,1.00088,1.00,1.00
2017.07.20 04:01:30.695,1.00068,1.00087,1.00,1.00
2017.07.20 04:01:31.229,1.00068,1.00089,1.00,1.50
2017.07.20 04:01:31.737,1.00068,1.00088,1.00,1.50
2017.07.20 04:01:32.380,1.00068,1.00087,1.00,1.00
2017.07.20 04:01:32.481,1.00069,1.00089,1.00,1.00
2017.07.20 04:01:32.683,1.00068,1.00087,1.00,1.00
2017.07.20 04:01:33.503,1.00068,1.00088,1.00,1.00
2017.07.20 04:01:36.287,1.00068,1.00087,1.00,1.00
2017.07.20 04:01:36.775,1.00068,1.00089,1.00,2.25
2017.07.20 04:01:39.832,1.0007,1.00091,1.00,1.00
2017.07.20 04:01:40.135,1.00076,1.00096,1.50,1.50
2017.07.20 04:01:40.812,1.00078,1.00098,1.00,1.87
2017.07.20 04:01:41.186,1.0008,1.00099,1.00,1.50
2017.07.20 04:01:42.896,1.00081,1.00101,1.00,2.25
2017.07.20 04:01:43.092,1.00085,1.00105,1.00,1.50
2017.07.20 04:01:43.143,1.00087,1.00106,1.00,1.00
2017.07.20 04:01:45.823,1.00087,1.00107,1.00,1.00
2017.07.20 04:01:46.177,1.00086,1.00104,1.00,1.12
2017.07.20 04:01:46.681,1.00085,1.00104,1.00,1.12
2017.07.20 04:01:50.869,1.00086,1.00105,1.00,2.25
2017.07.20 04:01:51.466,1.00085,1.00104,1.00,1.00
2017.07.20 04:01:55.551,1.00085,1.00102,1.00,1.00
2017.07.20 04:01:59.035,1.00086,1.00102,1.00,1.00
2017.07.20 04:01:59.280,1.00085,1.00104,1.00,1.00
2017.07.20 04:01:59.330,1.00087,1.00105,1.00,1.00
2017.07.20 04:02:00.130,1.00085,1.00102,1.00,1.00
2017.07.20 04:02:00.684,1.00085,1.00103,1.00,1.00
2017.07.20 04:02:03.677,1.00085,1.00102,1.00,1.00
2017.07.20 04:02:06.647,1.00086,1.00106,1.00,2.62
2017.07.20 04:02:07.165,1.00087,1.00106,1.00,2.62
2017.07.20 04:02:07.676,1.00086,1.00106,1.00,3.37
2017.07.20 04:02:08.164,1.00086,1.00104,1.00,1.00
2017.07.20 04:02:11.195,1.00086,1.00103,1.00,1.00
2017.07.20 04:02:11.246,1.00084,1.00103,1.00,1.00
2017.07.20 04:02:19.220,1.00086,1.00103,1.00,1.00
2017.07.20 04:02:20.745,1.00085,1.00103,1.00,1.00
2017.07.20 04:02:23.986,1.00085,1.00104,1.00,1.00
2017.07.20 04:02:26.913,1.00085,1.00103,1.00,1.00
2017.07.20 04:02:28.644,1.00084,1.00103,1.00,1.00
2017.07.20 04:02:29.172,1.00085,1.00103,1.00,1.00
2017.07.20 04:02:29.934,1.00085,1.00104,1.00,1.50
2017.07.20 04:02:30.481,1.00085,1.00103,1.00,1.00
2017.07.20 04:02:30.842,1.00083,1.00103,1.00,1.00
2017.07.20 04:02:31.375,1.00083,1.00102,1.00,1.00
2017.07.20 04:02:34.270,1.00082,1.00102,1.00,1.00
2017.07.20 04:02:34.321,1.00084,1.00102,1.00,1.00
2017.07.20 04:02:35.994,1.00084,1.00103,1.00,1.00
2017.07.20 04:02:36.544,1.00084,1.00104,1.00,1.87
2017.07.20 04:02:37.097,1.00085,1.00103,1.00,1.00
2017.07.20 04:02:39.933,1.00085,1.00104,1.00,1.12
2017.07.20 04:02:40.276,1.00085,1.00102,1.00,1.00
2017.07.20 04:02:40.933,1.00085,1.00103,1.00,1.00
2017.07.20 04:02:42.147,1.00085,1.00102,1.00,1.00
2017.07.20 04:02:43.945,1.00084,1.00102,1.00,1.00
2017.07.20 04:02:44.492,1.00084,1.00103,1.00,1.00
2017.07.20 04:02:45.037,1.00084,1.00102,1.00,1.00
2017.07.20 04:02:45.544,1.00084,1.00103,1.00,1.00
2017.07.20 04:02:46.094,1.00084,1.00102,1.00,1.00
2017.07.20 04:02:46.885,1.00084,1.00103,1.00,1.00
2017.07.20 04:02:47.592,1.00084,1.00102,1.00,1.00
2017.07.20 04:02:48.476,1.00084,1.00103,1.00,1.00
2017.07.20 04:02:48.983,1.00084,1.00102,1.00,1.00
2017.07.20 04:02:50.281,1.00083,1.00102,1.00,1.00
2017.07.20 04:02:50.819,1.00084,1.00102,1.00,1.00
2017.07.20 04:02:51.684,1.00084,1.00103,1.00,1.00
2017.07.20 04:02:54.047,1.00084,1.00102,1.00,1.00
2017.07.20 04:02:57.274,1.00085,1.00103,1.00,1.00
2017.07.20 04:02:57.776,1.00085,1.00102,1.00,1.00
2017.07.20 04:02:58.363,1.00085,1.00103,1.00,1.00
2017.07.20 04:02:59.033,1.00085,1.00102,1.00,1.00
2017.07.20 04:02:59.723,1.00085,1.00103,1.00,1.00
2017.07.20 04:03:00.337,1.00085,1.00102,1.00,1.00
2017.07.20 04:03:00.865,1.00084,1.00102,1.00,1.00
2017.07.20 04:03:01.374,1.00084,1.00103,1.00,1.00
2017.07.20 04:03:02.465,1.00084,1.00102,1.00,1.00
2017.07.20 04:03:02.988,1.00083,1.00102,1.00,1.12
2017.07.20 04:03:03.514,1.00079,1.00099,1.12,1.00
2017.07.20 04:03:04.370,1.0008,1.001,1.00,2.25
2017.07.20 04:03:04.827,1.00077,1.00097,2.25,1.00
2017.07.20 04:03:09.913,1.00076,1.00096,2.25,1.00
2017.07.20 04:03:10.115,1.00077,1.00096,1.12,1.00
2017.07.20 04:03:12.374,1.00076,1.00097,2.25,1.00
2017.07.20 04:03:14.403,1.00079,1.00099,1.00,1.00
2017.07.20 04:03:14.943,1.00077,1.00098,2.25,1.00
2017.07.20 04:03:16.549,1.00076,1.00096,2.62,1.00
2017.07.20 04:03:16.752,1.00076,1.00096,1.12,1.00
2017.07.20 04:03:17.283,1.00077,1.00096,1.00,1.00
2017.07.20 04:03:18.026,1.00076,1.00096,1.12,1.00
2017.07.20 04:03:18.558,1.00077,1.00096,1.00,1.00
2017.07.20 04:03:19.065,1.00076,1.00096,2.62,1.00
2017.07.20 04:03:19.583,1.00077,1.00096,1.00,1.00
2017.07.20 04:03:20.086,1.00076,1.00096,2.62,1.00
2017.07.20 04:03:20.595,1.00077,1.00096,1.00,1.00
2017.07.20 04:03:21.309,1.00077,1.00098,1.50,1.00
2017.07.20 04:03:21.361,1.00079,1.00098,1.00,1.00
2017.07.20 04:03:29.444,1.00079,1.00098,1.50,1.00
2017.07.20 04:03:30.926,1.0008,1.00101,1.00,1.00
2017.07.20 04:03:32.051,1.00083,1.00104,1.00,1.00
2017.07.20 04:03:32.354,1.00086,1.00106,1.00,1.50
2017.07.20 04:03:35.195,1.00085,1.00104,1.00,1.00
2017.07.20 04:03:35.967,1.00087,1.00106,1.00,1.00
2017.07.20 04:03:36.348,1.00091,1.0011,1.50,1.00
2017.07.20 04:03:36.669,1.00091,1.00103,1.00,1.00
2017.07.20 04:03:36.821,1.00082,1.001,1.75,1.00
2017.07.20 04:03:36.922,1.00082,1.001,1.87,1.00
2017.07.20 04:03:37.175,1.00083,1.00102,1.12,1.00
2017.07.20 04:03:37.724,1.00083,1.001,1.12,1.00
2017.07.20 04:03:38.229,1.00083,1.00102,1.12,1.00
2017.07.20 04:03:38.820,1.00084,1.00102,1.00,1.00
2017.07.20 04:03:39.761,1.00084,1.00104,2.25,1.50
2017.07.20 04:03:39.964,1.00089,1.00108,1.00,1.00
2017.07.20 04:03:42.060,1.00093,1.00111,1.00,1.00
2017.07.20 04:03:42.364,1.00095,1.00111,1.00,1.00
2017.07.20 04:03:42.465,1.00095,1.00114,1.00,1.12
2017.07.20 04:03:42.568,1.00098,1.00117,1.00,1.12
2017.07.20 04:03:42.872,1.00102,1.00119,1.00,1.00
2017.07.20 04:03:43.074,1.00102,1.00121,1.12,1.00
2017.07.20 04:03:43.603,1.00103,1.00121,1.00,1.00
2017.07.20 04:03:44.131,1.00104,1.00121,1.00,1.00
2017.07.20 04:03:45.670,1.00104,1.00122,1.00,1.00
2017.07.20 04:03:46.191,1.00103,1.00122,1.00,1.00
2017.07.20 04:03:46.971,1.00104,1.00122,1.00,1.00
2017.07.20 04:03:47.958,1.001,1.00122,1.12,1.50
2017.07.20 04:03:48.538,1.001,1.00121,1.00,1.00
2017.07.20 04:03:48.589,1.001,1.00117,1.50,1.00
2017.07.20 04:03:48.789,1.00095,1.00115,1.12,1.00
2017.07.20 04:03:50.039,1.00093,1.0011,1.75,1.00
2017.07.20 04:03:50.170,1.00092,1.00113,1.75,1.50
2017.07.20 04:03:50.507,1.00093,1.00111,1.75,1.00
2017.07.20 04:03:54.125,1.00092,1.00113,1.75,1.50
2017.07.20 04:03:55.016,1.00091,1.00111,3.37,1.00
2017.07.20 04:03:55.187,1.0009,1.0011,2.25,1.00
2017.07.20 04:03:57.028,1.0009,1.00111,1.50,1.00
2017.07.20 04:04:01.124,1.0009,1.00112,2.62,1.00
2017.07.20 04:04:03.184,1.00091,1.00112,1.87,1.00
2017.07.20 04:04:04.215,1.00091,1.00111,1.75,1.00
2017.07.20 04:04:16.787,1.00094,1.0011,1.00,1.00
2017.07.20 04:04:24.062,1.00094,1.00112,1.00,1.00
2017.07.20 04:04:24.613,1.00094,1.00113,1.00,1.00
2017.07.20 04:04:27.595,1.00092,1.00113,1.75,1.00
2017.07.20 04:04:28.807,1.00093,1.00112,1.50,1.00
2017.07.20 04:04:29.837,1.00092,1.00112,1.12,1.00
2017.07.20 04:04:30.477,1.00092,1.00111,1.12,1.00
2017.07.20 04:04:31.014,1.00093,1.00111,1.00,1.00
2017.07.20 04:04:31.576,1.00092,1.00111,1.12,1.00
2017.07.20 04:04:32.095,1.00093,1.00111,1.00,1.00
2017.07.20 04:04:34.468,1.00093,1.00113,1.00,1.00
2017.07.20 04:04:34.752,1.00092,1.00113,1.75,1.00
2017.07.20 04:04:35.713,1.00095,1.00115,1.37,1.50
2017.07.20 04:04:35.764,1.00095,1.00117,1.12,1.00
2017.07.20 04:04:35.955,1.00098,1.00118,1.75,1.00
2017.07.20 04:04:53.704,1.00098,1.00116,1.75,1.00
2017.07.20 04:04:53.856,1.00094,1.00112,1.50,1.00
2017.07.20 04:04:53.907,1.00094,1.00112,1.00,1.00
2017.07.20 04:04:54.437,1.0009,1.00113,3.00,1.00
2017.07.20 04:04:58.731,1.0009,1.00112,2.25,1.00
2017.07.20 04:04:58.983,1.00089,1.00112,2.62,1.00
2017.07.20 04:04:59.237,1.0009,1.00109,1.50,1.00
2017.07.20 04:04:59.642,1.00089,1.00109,1.75,1.00
2017.07.20 04:05:00.683,1.0009,1.0011,2.25,1.00
2017.07.20 04:05:00.734,1.00092,1.00113,1.87,1.50
2017.07.20 04:05:00.784,1.00096,1.00114,1.00,1.00
2017.07.20 04:05:01.297,1.00096,1.00115,1.00,1.00
2017.07.20 04:05:01.820,1.00096,1.00114,1.00,1.00
2017.07.20 04:05:05.243,1.00096,1.00112,1.00,1.00
2017.07.20 04:05:06.036,1.00092,1.00112,1.75,1.00
2017.07.20 04:05:06.463,1.00095,1.00112,1.37,1.00
2017.07.20 04:05:06.946,1.00096,1.00114,1.00,1.00
2017.07.20 04:05:08.919,1.00096,1.00116,1.00,1.00
2017.07.20 04:05:08.970,1.00096,1.00116,1.37,1.00
2017.07.20 04:05:12.140,1.00095,1.0011,3.37,1.00
2017.07.20 04:05:12.342,1.0009,1.00108,1.75,1.00
2017.07.20 04:05:12.595,1.0009,1.00108,1.12,1.00
2017.07.20 04:05:13.273,1.00089,1.00108,1.50,1.00
2017.07.20 04:05:13.984,1.0009,1.00108,1.00,1.00
2017.07.20 04:05:14.196,1.00089,1.00105,1.50,1.00
2017.07.20 04:05:14.348,1.00086,1.00103,1.00,1.00
2017.07.20 04:05:15.101,1.00086,1.00105,1.00,1.00
2017.07.20 04:05:18.012,1.00089,1.00107,1.00,1.00
2017.07.20 04:05:18.518,1.00089,1.00108,1.37,1.00
2017.07.20 04:05:19.098,1.00088,1.00109,2.25,1.00
2017.07.20 04:05:19.401,1.00088,1.00106,1.12,1.00
2017.07.20 04:05:20.603,1.00088,1.00105,1.12,1.00
2017.07.20 04:05:21.127,1.00087,1.00106,1.50,1.00
2017.07.20 04:05:24.186,1.00088,1.00107,1.12,1.00
2017.07.20 04:05:30.047,1.00088,1.00108,1.50,1.00
2017.07.20 04:05:30.372,1.00088,1.00108,1.75,1.00
2017.07.20 04:05:31.639,1.00088,1.00107,1.50,1.00
2017.07.20 04:05:32.351,1.00088,1.00107,1.12,1.00
2017.07.20 04:05:44.541,1.00088,1.00105,1.12,1.00
2017.07.20 04:05:44.794,1.00081,1.00102,3.00,1.00
2017.07.20 04:05:45.048,1.00082,1.001,1.50,1.00
2017.07.20 04:05:45.767,1.00081,1.00101,1.75,1.00
2017.07.20 04:05:48.155,1.00081,1.00103,1.75,1.00
2017.07.20 04:05:51.581,1.00081,1.00104,2.25,1.00
2017.07.20 04:05:59.497,1.00082,1.00101,1.50,1.00
2017.07.20 04:06:00.164,1.00082,1.00101,1.50,1.00
2017.07.20 04:06:01.472,1.00081,1.00102,2.62,1.00
2017.07.20 04:06:01.573,1.00082,1.00105,2.62,1.00
2017.07.20 04:06:01.624,1.00085,1.00105,1.37,1.00
2017.07.20 04:06:01.946,1.00085,1.00106,2.62,1.00
2017.07.20 04:06:02.743,1.00086,1.00104,1.37,1.00
2017.07.20 04:06:02.794,1.00087,1.00106,1.00,1.00
2017.07.20 04:06:02.896,1.00088,1.00106,1.37,1.00
2017.07.20 04:06:09.703,1.00086,1.00102,1.75,1.00
2017.07.20 04:06:09.804,1.00086,1.00101,1.50,1.00
2017.07.20 04:06:09.855,1.00082,1.00099,2.25,1.00
2017.07.20 04:06:09.906,1.00081,1.001,1.75,1.00
2017.07.20 04:06:09.957,1.00082,1.00098,1.37,1.00
2017.07.20 04:06:10.491,1.00081,1.00098,1.37,1.00
2017.07.20 04:06:19.082,1.00079,1.00102,2.25,2.25
2017.07.20 04:06:25.450,1.0008,1.00102,1.00,1.00
2017.07.20 04:06:26.018,1.0008,1.00103,1.50,2.25
2017.07.20 04:06:28.502,1.00082,1.00103,1.00,1.00
2017.07.20 04:06:28.674,1.00085,1.00108,2.25,2.44
2017.07.20 04:06:28.725,1.00087,1.00108,1.50,1.50
2017.07.20 04:06:28.927,1.00087,1.0011,1.87,1.00
2017.07.20 04:06:30.715,1.00087,1.00108,1.50,1.00
2017.07.20 04:06:33.206,1.00087,1.00108,1.12,1.00
2017.07.20 04:06:34.220,1.00087,1.00109,1.00,1.00
2017.07.20 04:06:34.424,1.00089,1.00109,1.00,1.00
2017.07.20 04:06:34.727,1.00093,1.00111,1.00,1.00
2017.07.20 04:06:34.828,1.00095,1.00114,1.00,1.50
2017.07.20 04:06:35.412,1.00096,1.00114,1.00,1.50
2017.07.20 04:06:40.868,1.00096,1.00112,1.00,1.00
2017.07.20 04:06:40.969,1.00093,1.00113,1.00,1.50
2017.07.20 04:06:41.021,1.00089,1.00109,1.50,1.00
2017.07.20 04:06:41.375,1.0009,1.00106,1.00,1.00
2017.07.20 04:06:42.168,1.0009,1.00108,1.00,1.00
2017.07.20 04:06:42.678,1.0009,1.00109,1.00,1.50
2017.07.20 04:06:44.174,1.00086,1.00109,1.00,1.00
2017.07.20 04:06:44.224,1.00091,1.00109,1.00,1.00
2017.07.20 04:06:45.439,1.00092,1.00109,1.00,1.00
2017.07.20 04:06:45.692,1.00094,1.00112,1.00,1.87
2017.07.20 04:06:46.227,1.00094,1.00111,1.00,1.00
2017.07.20 04:06:46.758,1.00094,1.00112,1.00,1.12
2017.07.20 04:06:47.416,1.00094,1.00111,1.00,1.00
2017.07.20 04:06:47.958,1.00094,1.00112,1.00,1.12
2017.07.20 04:06:48.261,1.00097,1.00113,1.00,1.37
2017.07.20 04:06:48.766,1.00097,1.00113,1.00,1.12
2017.07.20 04:06:50.700,1.00097,1.00114,1.00,1.50
2017.07.20 04:06:52.941,1.00096,1.00112,1.00,1.00
2017.07.20 04:06:52.992,1.00096,1.00114,1.00,1.50
2017.07.20 04:06:53.569,1.00095,1.00114,1.00,2.25
2017.07.20 04:06:54.225,1.00097,1.00114,1.00,2.25
2017.07.20 04:06:55.279,1.00097,1.00113,1.00,1.00
2017.07.20 04:06:57.251,1.00097,1.00114,1.00,1.50
2017.07.20 04:06:57.797,1.00098,1.00116,1.00,1.50
2017.07.20 04:07:05.583,1.00098,1.00116,1.00,1.87
2017.07.20 04:07:06.170,1.00098,1.00115,1.00,1.00
2017.07.20 04:07:07.538,1.00097,1.00115,1.00,1.00
2017.07.20 04:07:10.929,1.00099,1.00115,1.00,1.00
2017.07.20 04:07:11.293,1.001,1.00117,1.00,1.87
2017.07.20 04:07:16.590,1.001,1.00116,1.00,1.00
2017.07.20 04:07:16.691,1.00102,1.00119,1.00,2.25
2017.07.20 04:07:16.843,1.00104,1.00121,1.00,1.00
2017.07.20 04:07:17.110,1.00101,1.00119,1.00,1.00
2017.07.20 04:07:17.162,1.00099,1.00117,1.00,1.00
2017.07.20 04:07:17.314,1.00096,1.00117,1.00,1.87
2017.07.20 04:07:17.365,1.00099,1.00116,1.00,1.00
2017.07.20 04:07:17.416,1.00097,1.00116,1.00,1.00
2017.07.20 04:07:17.517,1.00102,1.00119,1.00,1.50
2017.07.20 04:07:17.568,1.00102,1.0012,1.00,1.50
2017.07.20 04:07:17.669,1.00102,1.00122,1.00,2.25
2017.07.20 04:07:17.811,1.00105,1.00122,1.00,1.12
2017.07.20 04:07:18.471,1.00105,1.00123,1.00,1.00
2017.07.20 04:07:24.628,1.00105,1.00124,1.00,3.37
2017.07.20 04:07:25.138,1.00106,1.00124,1.00,1.12
2017.07.20 04:07:28.631,1.00105,1.00124,1.00,3.37
2017.07.20 04:07:29.145,1.00104,1.00123,1.00,1.00
2017.07.20 04:07:52.326,1.00103,1.00123,1.00,1.12
2017.07.20 04:07:54.150,1.00104,1.00124,1.00,2.62
2017.07.20 04:08:00.503,1.00101,1.00123,1.00,1.12
2017.07.20 04:08:01.033,1.00101,1.00122,1.00,1.00
2017.07.20 04:08:01.713,1.00101,1.00123,1.00,1.12
2017.07.20 04:08:06.124,1.00104,1.00124,1.00,1.87
2017.07.20 04:08:06.885,1.00102,1.00123,1.00,1.87
2017.07.20 04:08:07.036,1.001,1.00121,1.12,1.00
2017.07.20 04:08:08.137,1.00101,1.00121,1.00,1.00
2017.07.20 04:08:10.130,1.00103,1.00121,1.00,1.00
2017.07.20 04:08:10.689,1.00103,1.00122,1.00,1.00
2017.07.20 04:08:11.773,1.00103,1.00123,1.00,3.75
2017.07.20 04:08:12.447,1.00101,1.00123,1.00,3.75
2017.07.20 04:08:15.511,1.00101,1.00122,1.00,1.00
2017.07.20 04:08:17.036,1.00101,1.00123,1.00,1.50
2017.07.20 04:08:17.767,1.00102,1.00124,1.00,3.37
2017.07.20 04:08:20.311,1.00104,1.00124,1.00,3.37
2017.07.20 04:08:21.789,1.00104,1.00123,1.00,2.25
2017.07.20 04:08:22.256,1.00101,1.00123,1.00,1.00
2017.07.20 04:08:29.665,1.00099,1.00121,1.12,1.00
2017.07.20 04:08:30.172,1.00099,1.0012,1.00,1.00
2017.07.20 04:08:30.687,1.00098,1.00121,2.25,1.00
2017.07.20 04:08:33.971,1.00099,1.00119,1.50,1.00
2017.07.20 04:08:34.225,1.00096,1.00119,1.00,1.00
2017.07.20 04:08:34.427,1.00098,1.00119,1.00,1.00
2017.07.20 04:08:38.822,1.00097,1.00116,1.50,1.00
2017.07.20 04:08:39.127,1.00096,1.0011,1.37,1.00
2017.07.20 04:08:39.228,1.00089,1.00109,2.62,1.00
2017.07.20 04:08:39.330,1.00087,1.00109,1.87,1.00
2017.07.20 04:08:39.432,1.00087,1.00109,1.12,1.00
2017.07.20 04:08:40.084,1.00087,1.00109,1.50,1.00
2017.07.20 04:08:40.623,1.00087,1.0011,1.50,1.00
2017.07.20 04:08:41.208,1.00087,1.00108,1.87,1.00
2017.07.20 04:08:41.511,1.00085,1.00105,1.50,1.00
2017.07.20 04:08:42.675,1.00085,1.00108,1.50,1.00
2017.07.20 04:08:42.726,1.00084,1.00108,2.25,1.00
2017.07.20 04:08:42.828,1.00085,1.00106,1.00,1.00
2017.07.20 04:08:43.131,1.00078,1.00099,2.25,1.00
2017.07.20 04:08:44.317,1.00078,1.00099,1.87,1.00
2017.07.20 04:08:44.851,1.00078,1.00098,1.50,1.00
2017.07.20 04:08:48.215,1.00078,1.00099,1.87,1.00
2017.07.20 04:08:48.518,1.00076,1.00096,1.00,1.00
2017.07.20 04:08:58.946,1.00078,1.00101,1.00,1.50
2017.07.20 04:08:58.997,1.00083,1.00101,1.12,1.00
2017.07.20 04:08:59.149,1.00087,1.00107,1.00,1.00
2017.07.20 04:08:59.688,1.00087,1.00108,1.50,1.00
2017.07.20 04:09:00.968,1.00087,1.0011,1.00,1.00
2017.07.20 04:09:05.034,1.00087,1.00109,1.00,1.00
2017.07.20 04:09:13.236,1.00086,1.00109,1.87,1.37
2017.07.20 04:09:13.287,1.00087,1.00107,1.00,1.37
2017.07.20 04:09:13.389,1.00088,1.00111,1.00,2.25
2017.07.20 04:09:13.491,1.00088,1.00111,1.00,1.37
2017.07.20 04:09:13.845,1.0009,1.00111,1.00,1.37
2017.07.20 04:09:14.379,1.00089,1.0011,1.00,1.12
2017.07.20 04:09:16.711,1.00086,1.00107,1.37,1.00
2017.07.20 04:09:20.509,1.00084,1.00106,3.75,1.00
2017.07.20 04:09:20.611,1.00085,1.00106,1.00,1.00
2017.07.20 04:09:27.194,1.00085,1.00109,1.50,2.25
2017.07.20 04:09:27.245,1.00087,1.00109,1.00,2.25
2017.07.20 04:09:27.369,1.00084,1.00107,2.62,1.00
2017.07.20 04:09:27.646,1.00084,1.00105,2.62,1.00
2017.07.20 04:09:28.188,1.00084,1.00104,2.25,1.00
2017.07.20 04:09:28.710,1.00084,1.00103,2.25,1.00
2017.07.20 04:09:31.424,1.00084,1.00104,1.50,1.00
2017.07.20 04:09:36.161,1.00084,1.00104,2.25,1.00
2017.07.20 04:09:42.450,1.00084,1.00105,1.87,1.00
2017.07.20 04:09:42.804,1.00086,1.00107,1.00,1.12
2017.07.20 04:09:43.336,1.00086,1.00107,1.50,1.00
2017.07.20 04:09:44.033,1.00089,1.00107,1.00,1.00
2017.07.20 04:09:45.945,1.00086,1.00107,1.50,1.00
2017.07.20 04:09:46.458,1.00086,1.00107,1.12,1.00
2017.07.20 04:09:48.265,1.00086,1.00108,1.00,1.00
2017.07.20 04:09:48.467,1.00086,1.00108,2.62,1.00
2017.07.20 04:09:54.884,1.00086,1.00112,1.50,1.37
2017.07.20 04:09:54.935,1.00086,1.00108,2.25,1.00
2017.07.20 04:09:55.714,1.00086,1.0011,3.00,1.00
2017.07.20 04:09:55.765,1.00086,1.00107,1.50,1.00
2017.07.20 04:09:58.520,1.00087,1.00109,1.75,1.00
2017.07.20 04:10:00.162,1.00089,1.00109,1.37,1.00
2017.07.20 04:10:00.694,1.00089,1.00109,1.12,1.00
2017.07.20 04:10:04.694,1.00089,1.0011,1.00,1.00
2017.07.20 04:10:05.217,1.00089,1.00109,1.00,1.00
2017.07.20 04:10:10.210,1.00089,1.00111,1.00,1.00
2017.07.20 04:10:11.134,1.00089,1.0011,1.50,1.00
2017.07.20 04:10:15.122,1.00087,1.00109,1.12,1.00
2017.07.20 04:10:15.223,1.00087,1.00108,1.12,1.00
2017.07.20 04:10:16.344,1.00088,1.00108,1.00,1.00
2017.07.20 04:10:16.986,1.00089,1.00108,1.00,1.00
2017.07.20 04:10:17.710,1.00089,1.0011,1.00,1.00
2017.07.20 04:10:18.213,1.00089,1.00111,1.12,1.12
2017.07.20 04:10:21.348,1.00088,1.00109,1.37,1.00
2017.07.20 04:10:21.898,1.00088,1.0011,1.37,1.00
2017.07.20 04:10:22.454,1.00088,1.00109,1.37,1.00
2017.07.20 04:10:24.166,1.00089,1.0011,1.12,1.00
2017.07.20 04:10:27.036,1.00089,1.00108,1.12,1.00
2017.07.20 04:10:29.576,1.00089,1.00109,1.12,1.00
2017.07.20 04:10:30.119,1.00089,1.00108,1.12,1.00
2017.07.20 04:10:38.979,1.00089,1.00107,1.00,1.00
2017.07.20 04:10:40.832,1.00089,1.00109,1.00,1.00
2017.07.20 04:10:44.826,1.00089,1.00108,1.00,1.00
2017.07.20 04:10:45.420,1.00089,1.0011,1.50,1.00
2017.07.20 04:10:45.929,1.00089,1.00109,1.00,1.00
2017.07.20 04:10:46.584,1.00088,1.00109,1.75,1.00
2017.07.20 04:10:47.233,1.00087,1.00111,1.87,1.00
2017.07.20 04:10:47.284,1.00087,1.00108,1.12,1.00
2017.07.20 04:10:47.881,1.00087,1.00108,1.87,1.00
2017.07.20 04:10:51.396,1.00087,1.00109,2.62,1.00
2017.07.20 04:11:05.393,1.00089,1.00108,1.12,1.00
2017.07.20 04:11:08.959,1.00087,1.00108,1.87,1.00
2017.07.20 04:11:10.263,1.00088,1.00107,1.12,1.00
2017.07.20 04:11:10.792,1.00087,1.00108,2.25,1.00
2017.07.20 04:11:11.318,1.00088,1.00108,2.25,1.00
2017.07.20 04:11:11.833,1.00088,1.00108,2.62,1.00
2017.07.20 04:11:15.179,1.00088,1.00109,3.37,1.00
2017.07.20 04:11:18.755,1.00088,1.00106,1.12,1.00
2017.07.20 04:11:18.959,1.00084,1.00107,2.25,1.00
2017.07.20 04:11:19.010,1.00086,1.00107,1.12,1.00
2017.07.20 04:11:19.352,1.00087,1.00107,1.87,1.00
2017.07.20 04:11:19.905,1.00087,1.00108,2.62,1.00
2017.07.20 04:11:22.336,1.00088,1.00108,1.00,1.00
2017.07.20 04:11:22.955,1.00088,1.00109,1.50,1.00
2017.07.20 04:11:23.493,1.00087,1.00107,1.37,1.00
2017.07.20 04:11:23.543,1.00088,1.00109,1.12,1.00
2017.07.20 04:11:23.847,1.00088,1.00109,2.25,1.00
2017.07.20 04:11:25.053,1.00088,1.00108,1.75,1.00
2017.07.20 04:11:25.930,1.00088,1.0011,1.87,1.00
2017.07.20 04:11:26.082,1.00088,1.00108,1.87,1.00
2017.07.20 04:11:27.930,1.00088,1.0011,1.87,1.00
2017.07.20 04:11:28.469,1.00088,1.00109,1.87,1.00
2017.07.20 04:11:28.980,1.00088,1.0011,1.87,1.00
2017.07.20 04:11:29.623,1.00088,1.00109,1.87,1.00
2017.07.20 04:11:31.930,1.00089,1.0011,1.37,1.00
2017.07.20 04:11:40.393,1.00088,1.0011,1.50,1.00
2017.07.20 04:11:40.999,1.00088,1.00108,1.50,1.00
2017.07.20 04:11:41.151,1.00088,1.0011,1.00,1.00
2017.07.20 04:11:41.825,1.00088,1.00109,1.50,1.00
2017.07.20 04:11:42.332,1.00088,1.00108,1.12,1.00
2017.07.20 04:11:46.397,1.00088,1.00109,1.12,1.00
2017.07.20 04:11:48.934,1.00087,1.00108,1.50,1.00
2017.07.20 04:11:54.343,1.00087,1.00109,1.50,1.00
2017.07.20 04:11:57.239,1.00087,1.00109,1.12,1.00
2017.07.20 04:12:00.597,1.00086,1.00108,1.87,1.00
2017.07.20 04:12:12.252,1.00087,1.00108,1.37,1.00
2017.07.20 04:12:19.363,1.00087,1.0011,2.25,1.00
2017.07.20 04:12:19.414,1.00088,1.00112,1.50,1.37
2017.07.20 04:12:19.951,1.00089,1.00112,3.75,1.00
2017.07.20 04:12:20.254,1.00092,1.00113,1.50,1.00
2017.07.20 04:12:20.719,1.00094,1.00114,1.00,1.12
2017.07.20 04:12:22.111,1.00094,1.00113,1.00,1.00
2017.07.20 04:12:22.650,1.00094,1.00114,1.00,1.00
2017.07.20 04:12:26.955,1.00094,1.00115,1.00,1.12
2017.07.20 04:12:28.198,1.00094,1.00113,1.00,1.00
2017.07.20 04:12:28.598,1.00098,1.00114,1.00,1.00
2017.07.20 04:12:31.688,1.00094,1.00114,2.25,1.00
2017.07.20 04:12:46.037,1.00099,1.00114,1.00,1.00
2017.07.20 04:12:47.045,1.00094,1.00114,2.25,1.00
2017.07.20 04:12:53.930,1.00093,1.00114,2.62,1.00
2017.07.20 04:12:54.735,1.00093,1.00116,1.87,1.12
2017.07.20 04:12:56.720,1.00093,1.00114,1.87,1.00
2017.07.20 04:12:59.806,1.00095,1.00114,1.00,1.00
2017.07.20 04:13:00.710,1.00094,1.00114,1.00,1.00
2017.07.20 04:13:01.214,1.00093,1.00114,1.87,1.00
2017.07.20 04:13:14.335,1.00093,1.00116,1.87,1.50
2017.07.20 04:13:14.869,1.00094,1.00116,1.50,1.50
2017.07.20 04:13:15.173,1.00104,1.00122,1.50,2.62
2017.07.20 04:13:15.274,1.00105,1.00125,1.00,1.75
2017.07.20 04:13:15.490,1.00105,1.00125,1.12,1.00
2017.07.20 04:13:29.295,1.00106,1.00127,1.12,1.00
2017.07.20 04:13:29.666,1.00107,1.00127,1.37,1.00
2017.07.20 04:13:30.512,1.00107,1.00128,1.87,1.00
2017.07.20 04:13:30.783,1.00112,1.00133,1.50,1.12
2017.07.20 04:13:30.834,1.00113,1.00135,1.50,1.50
2017.07.20 04:13:30.885,1.00114,1.00135,1.00,1.12
2017.07.20 04:13:31.087,1.00114,1.00135,3.00,1.00
2017.07.20 04:13:33.100,1.00116,1.00136,1.12,1.00
2017.07.20 04:13:34.544,1.00115,1.00136,3.37,1.00
2017.07.20 04:13:35.112,1.00116,1.00136,1.50,1.00
2017.07.20 04:13:35.621,1.00116,1.00137,2.25,1.00
2017.07.20 04:13:36.549,1.00119,1.00142,1.00,3.00
2017.07.20 04:13:37.174,1.00119,1.00142,1.37,3.00
2017.07.20 04:13:38.137,1.00119,1.00142,1.12,2.25
2017.07.20 04:13:38.559,1.00121,1.00142,1.00,1.50
2017.07.20 04:13:39.136,1.0012,1.00142,1.00,1.00
2017.07.20 04:13:41.620,1.00121,1.00142,1.00,1.00
2017.07.20 04:13:42.125,1.00122,1.00142,1.00,1.00
2017.07.20 04:13:42.847,1.00122,1.00143,1.00,1.00
2017.07.20 04:13:43.150,1.00117,1.0014,1.37,1.00
2017.07.20 04:13:43.201,1.00117,1.0014,1.12,1.00
2017.07.20 04:13:46.512,1.00117,1.00138,1.00,1.00
2017.07.20 04:13:47.085,1.00115,1.00134,1.50,1.00
2017.07.20 04:13:47.600,1.00115,1.00133,1.50,1.00
2017.07.20 04:13:49.039,1.00115,1.00133,1.87,1.00
2017.07.20 04:13:49.090,1.00121,1.0014,1.00,2.25
2017.07.20 04:13:52.697,1.00122,1.0014,1.00,1.50
2017.07.20 04:13:58.917,1.00122,1.00139,1.00,1.00
2017.07.20 04:14:00.937,1.00125,1.0014,1.00,1.00
2017.07.20 04:14:01.240,1.00129,1.00146,1.00,1.75
2017.07.20 04:14:01.341,1.0013,1.00146,1.00,1.12
2017.07.20 04:14:01.530,1.00128,1.00147,1.00,1.50
2017.07.20 04:14:01.582,1.00131,1.00148,1.00,1.75
2017.07.20 04:14:01.985,1.00128,1.00148,1.00,1.75
2017.07.20 04:14:03.040,1.00131,1.00149,1.00,3.00
2017.07.20 04:14:06.225,1.00132,1.00149,1.00,1.75
2017.07.20 04:14:06.696,1.00126,1.00142,1.00,1.00
2017.07.20 04:14:06.747,1.00123,1.00141,1.87,1.00
2017.07.20 04:14:06.798,1.00122,1.00139,1.50,1.00
2017.07.20 04:14:06.899,1.00119,1.00137,1.00,1.00
2017.07.20 04:14:07.051,1.00119,1.00137,1.00,1.75
2017.07.20 04:14:08.060,1.00119,1.00136,1.00,1.00
2017.07.20 04:14:08.466,1.00121,1.00136,1.00,1.00
2017.07.20 04:14:09.119,1.00121,1.00137,1.00,1.12
2017.07.20 04:14:09.765,1.00121,1.00136,1.00,1.00
2017.07.20 04:14:10.597,1.00122,1.00136,1.00,1.00
2017.07.20 04:14:11.145,1.00122,1.00137,1.00,1.12
2017.07.20 04:14:11.743,1.00122,1.00136,1.00,1.00
2017.07.20 04:14:12.395,1.00122,1.00137,1.00,1.12
2017.07.20 04:14:12.861,1.00125,1.00139,1.00,1.75
2017.07.20 04:14:13.155,1.00121,1.00139,1.00,1.75
2017.07.20 04:14:16.942,1.00122,1.00139,1.00,2.25
2017.07.20 04:14:17.145,1.00125,1.0014,1.00,1.75
2017.07.20 04:14:17.296,1.00124,1.00141,1.00,1.87
2017.07.20 04:14:17.461,1.00126,1.00141,1.00,1.37
2017.07.20 04:14:18.103,1.00121,1.00139,1.00,1.00
2017.07.20 04:14:18.204,1.00121,1.00139,1.00,1.75
2017.07.20 04:14:18.755,1.00121,1.00139,1.00,1.75
2017.07.20 04:14:20.494,1.00121,1.00138,1.00,1.00
2017.07.20 04:14:21.297,1.00123,1.00138,1.00,1.00
2017.07.20 04:14:21.601,1.00128,1.00141,1.00,1.50
2017.07.20 04:14:21.834,1.00129,1.00146,1.00,3.00
2017.07.20 04:14:21.987,1.00125,1.00142,1.00,1.00
2017.07.20 04:14:22.038,1.00123,1.00142,1.00,1.50
2017.07.20 04:14:22.089,1.00123,1.0014,1.00,1.12
2017.07.20 04:14:22.754,1.00123,1.00139,1.00,1.50
2017.07.20 04:14:25.217,1.00122,1.00139,1.00,2.25
2017.07.20 04:14:25.520,1.0012,1.00138,1.00,1.75
2017.07.20 04:14:26.078,1.00121,1.00138,1.00,1.75
2017.07.20 04:14:26.381,1.00123,1.00139,1.00,1.75
2017.07.20 04:14:27.026,1.00124,1.00139,1.00,1.75
2017.07.20 04:14:28.749,1.00123,1.00139,1.00,1.75
2017.07.20 04:14:29.358,1.00124,1.0014,1.00,3.37
2017.07.20 04:14:29.717,1.00124,1.00139,1.00,1.50
2017.07.20 04:14:36.005,1.00123,1.00139,1.00,1.50
2017.07.20 04:14:39.181,1.00125,1.0014,1.00,2.25
2017.07.20 04:14:39.530,1.00129,1.00143,1.00,1.37
2017.07.20 04:14:39.581,1.00129,1.00145,1.00,2.25
2017.07.20 04:14:39.973,1.00129,1.00146,1.00,1.12
2017.07.20 04:14:41.291,1.00128,1.00146,1.00,1.12
2017.07.20 04:14:41.341,1.0013,1.00144,1.00,1.00
2017.07.20 04:14:44.589,1.00126,1.00144,1.50,1.00
2017.07.20 04:14:44.640,1.00126,1.00144,1.00,1.50
2017.07.20 04:14:44.691,1.00124,1.00144,1.00,1.75
2017.07.20 04:14:45.095,1.00126,1.00144,1.00,1.75
2017.07.20 04:14:45.908,1.00125,1.00142,1.00,1.50
2017.07.20 04:14:46.010,1.00123,1.00141,1.00,1.12
2017.07.20 04:14:46.060,1.00123,1.00138,1.00,1.00
2017.07.20 04:14:46.589,1.00123,1.00137,1.00,1.00
2017.07.20 04:14:46.971,1.00125,1.00142,1.00,2.25
2017.07.20 04:14:47.022,1.00125,1.00142,1.00,2.25
2017.07.20 04:14:48.862,1.00126,1.00141,1.00,2.25
2017.07.20 04:14:51.053,1.00124,1.00141,1.00,1.75
2017.07.20 04:14:51.655,1.00123,1.00141,1.00,1.75
2017.07.20 04:14:51.706,1.00125,1.00142,1.00,1.75
2017.07.20 04:14:52.162,1.00127,1.00142,1.00,2.25
2017.07.20 04:14:52.474,1.00132,1.00147,1.00,2.25
2017.07.20 04:14:55.686,1.0013,1.00148,1.00,1.75
2017.07.20 04:14:57.896,1.00131,1.00147,1.00,1.50
2017.07.20 04:14:58.115,1.00129,1.00147,1.00,1.50
2017.07.20 04:14:59.590,1.0013,1.00147,1.00,1.50
2017.07.20 04:15:01.494,1.00123,1.00144,1.12,1.00
2017.07.20 04:15:01.545,1.00123,1.00142,1.12,1.50
2017.07.20 04:15:01.854,1.00123,1.00137,1.00,1.00
2017.07.20 04:15:02.728,1.00122,1.00137,1.00,1.00
2017.07.20 04:15:02.931,1.00127,1.00146,1.00,1.37
2017.07.20 04:15:04.005,1.00127,1.00148,1.00,2.25
2017.07.20 04:15:04.782,1.00126,1.00148,1.00,1.50
2017.07.20 04:15:09.517,1.00127,1.00147,1.00,1.37
2017.07.20 04:15:09.846,1.00125,1.00146,1.00,1.12
2017.07.20 04:15:12.082,1.00126,1.00146,1.00,1.12
2017.07.20 04:15:13.628,1.00124,1.00145,1.12,1.00
2017.07.20 04:15:15.499,1.00124,1.00144,1.87,1.00
2017.07.20 04:15:15.651,1.00121,1.00144,1.12,1.12
2017.07.20 04:15:16.196,1.00121,1.00144,1.50,1.12
2017.07.20 04:15:16.703,1.00123,1.00143,1.50,1.00
2017.07.20 04:15:16.855,1.00123,1.00145,1.12,1.00
2017.07.20 04:15:25.713,1.00124,1.00147,1.00,2.25
2017.07.20 04:15:25.814,1.00127,1.00147,1.00,1.50
2017.07.20 04:15:26.067,1.00125,1.00148,1.50,1.00
2017.07.20 04:15:26.218,1.00123,1.00142,2.25,1.00
2017.07.20 04:15:26.476,1.00119,1.00139,1.12,1.00
2017.07.20 04:15:26.992,1.00119,1.0014,1.00,1.12
2017.07.20 04:15:32.103,1.00118,1.00139,1.12,1.00
2017.07.20 04:15:32.154,1.00118,1.00139,1.37,1.00
2017.07.20 04:15:32.465,1.00124,1.00143,1.75,1.00
2017.07.20 04:15:32.920,1.00122,1.00143,2.62,1.00
2017.07.20 04:15:33.126,1.00122,1.00142,2.62,1.00
2017.07.20 04:15:34.086,1.00122,1.00143,1.00,1.00
2017.07.20 04:15:38.939,1.00122,1.00141,1.12,1.00
2017.07.20 04:15:40.995,1.00132,1.00147,1.00,1.00
2017.07.20 04:15:41.197,1.00132,1.0015,1.00,1.50
2017.07.20 04:15:44.105,1.00131,1.0015,1.00,2.25
2017.07.20 04:15:49.236,1.00132,1.0015,1.00,2.25
2017.07.20 04:15:49.287,1.00129,1.00147,1.00,1.00
2017.07.20 04:15:49.389,1.00128,1.00145,1.00,1.00
2017.07.20 04:15:49.440,1.00126,1.00146,1.00,1.12
2017.07.20 04:15:49.541,1.00127,1.00145,1.00,1.50
2017.07.20 04:15:49.756,1.00125,1.00143,1.00,1.00
2017.07.20 04:15:50.008,1.00126,1.00143,1.00,1.50
2017.07.20 04:15:50.907,1.00126,1.00141,1.00,1.00
2017.07.20 04:15:54.191,1.00125,1.00142,1.00,1.50
2017.07.20 04:15:54.709,1.00126,1.00142,1.00,1.50
2017.07.20 04:15:57.634,1.00128,1.00143,1.00,1.75
2017.07.20 04:16:07.190,1.00127,1.00143,1.00,1.50
2017.07.20 04:16:08.491,1.00126,1.00142,1.00,1.37
2017.07.20 04:16:08.643,1.00124,1.00143,1.00,2.25
2017.07.20 04:16:08.794,1.00124,1.00141,1.00,1.75
2017.07.20 04:16:24.405,1.00124,1.00142,1.00,1.75
2017.07.20 04:16:34.879,1.00125,1.00141,1.00,1.50
2017.07.20 04:16:35.813,1.00124,1.00141,1.00,1.50
2017.07.20 04:16:36.149,1.00124,1.00137,1.00,1.75
2017.07.20 04:16:38.585,1.00125,1.00138,1.00,1.75
2017.07.20 04:16:38.737,1.00125,1.00139,1.00,1.50
2017.07.20 04:16:45.359,1.00124,1.00139,1.00,1.50
2017.07.20 04:16:46.916,1.00124,1.0014,1.00,1.50
2017.07.20 04:16:48.402,1.00124,1.0014,1.00,1.12
2017.07.20 04:16:48.945,1.00124,1.0014,1.00,1.50
2017.07.20 04:16:49.553,1.00125,1.00139,1.00,1.12
2017.07.20 04:16:50.901,1.00124,1.0014,1.00,1.37
2017.07.20 04:16:53.029,1.00125,1.00139,1.00,1.12
2017.07.20 04:17:13.868,1.00126,1.00141,1.00,1.75
2017.07.20 04:17:17.308,1.00124,1.00141,1.00,1.75
2017.07.20 04:17:17.633,1.00122,1.0014,1.00,1.50
2017.07.20 04:17:17.785,1.00121,1.00138,1.00,1.50
2017.07.20 04:17:18.088,1.00121,1.00135,1.00,1.00
2017.07.20 04:17:18.392,1.00121,1.00138,1.00,3.00
2017.07.20 04:17:26.969,1.00122,1.00138,1.00,1.50
2017.07.20 04:17:32.528,1.00122,1.00138,1.00,1.75
2017.07.20 04:17:39.003,1.00124,1.00137,1.00,1.75
2017.07.20 04:17:42.514,1.00122,1.00136,1.00,1.75
2017.07.20 04:17:42.845,1.00123,1.00137,1.00,1.37
2017.07.20 04:17:49.582,1.0012,1.00138,1.00,1.50
2017.07.20 04:17:49.684,1.0012,1.00135,1.00,1.50
2017.07.20 04:17:50.241,1.00121,1.00136,1.00,1.75
2017.07.20 04:18:00.057,1.00121,1.00138,1.00,1.50
2017.07.20 04:18:00.599,1.00121,1.00138,1.00,1.75
2017.07.20 04:18:01.149,1.00118,1.00139,1.00,2.25
2017.07.20 04:18:01.691,1.00119,1.00138,1.00,1.75
2017.07.20 04:18:02.197,1.0012,1.00138,1.00,1.75
2017.07.20 04:18:10.704,1.00122,1.00139,1.00,1.75
2017.07.20 04:18:10.906,1.00122,1.0014,1.00,2.25
2017.07.20 04:18:12.851,1.0012,1.0014,1.00,1.75
2017.07.20 04:18:17.585,1.00121,1.00139,1.00,1.75
2017.07.20 04:18:17.636,1.00116,1.00137,1.50,1.12
2017.07.20 04:18:18.151,1.00113,1.00135,2.62,1.00
2017.07.20 04:18:18.411,1.00112,1.00134,2.62,1.50
2017.07.20 04:18:18.933,1.00113,1.00134,1.12,1.50
2017.07.20 04:18:19.223,1.00117,1.00134,1.50,1.50
2017.07.20 04:18:19.526,1.00122,1.00142,1.12,1.50
2017.07.20 04:18:20.021,1.00122,1.00143,3.00,2.25
2017.07.20 04:18:20.561,1.00122,1.00143,1.00,2.25
2017.07.20 04:18:22.232,1.00122,1.00142,1.87,2.25
2017.07.20 04:18:22.434,1.00122,1.00142,1.87,1.12
2017.07.20 04:18:23.034,1.00122,1.00143,1.00,1.87
2017.07.20 04:18:26.644,1.0013,1.00142,1.00,1.12
2017.07.20 04:18:26.797,1.0013,1.00149,1.50,2.25
2017.07.20 04:18:26.848,1.0013,1.00153,1.12,2.25
2017.07.20 04:18:27.001,1.0013,1.00152,1.75,1.50
2017.07.20 04:18:27.102,1.00132,1.00152,1.00,1.12
2017.07.20 04:18:27.672,1.00131,1.00152,1.50,1.00
2017.07.20 04:18:27.774,1.00131,1.00149,1.00,1.00
2017.07.20 04:18:28.571,1.00129,1.0015,1.87,1.50
2017.07.20 04:18:29.099,1.00129,1.0015,1.87,1.50
2017.07.20 04:18:29.366,1.00129,1.0015,1.87,1.50
2017.07.20 04:18:34.720,1.0013,1.0015,1.87,1.00
2017.07.20 04:18:34.934,1.00131,1.00152,1.37,1.00
2017.07.20 04:18:35.548,1.00131,1.00151,1.00,1.00
2017.07.20 04:18:36.828,1.00129,1.00151,2.62,1.00
2017.07.20 04:18:37.348,1.00129,1.00151,2.62,1.00
2017.07.20 04:18:44.824,1.0013,1.00151,1.37,1.00
2017.07.20 04:18:45.276,1.00131,1.00154,1.87,1.12
2017.07.20 04:18:45.811,1.00134,1.00154,1.00,1.12
2017.07.20 04:18:46.933,1.00134,1.00153,1.12,1.00
2017.07.20 04:18:56.033,1.00134,1.00154,1.00,1.12
2017.07.20 04:18:56.258,1.00134,1.00152,1.00,1.00
2017.07.20 04:18:58.225,1.00132,1.00152,1.00,1.00
2017.07.20 04:19:00.358,1.00131,1.00152,1.50,1.00
2017.07.20 04:19:02.494,1.00131,1.00152,1.50,1.00
2017.07.20 04:19:03.911,1.00131,1.00152,1.50,1.00
2017.07.20 04:19:06.515,1.0013,1.00152,1.87,1.00
2017.07.20 04:19:09.340,1.00131,1.00152,1.00,1.00
2017.07.20 04:19:10.496,1.0013,1.00152,1.12,1.00
2017.07.20 04:19:11.101,1.00132,1.00152,1.37,1.00
2017.07.20 04:19:14.914,1.00132,1.00151,1.00,1.00
2017.07.20 04:19:15.116,1.0013,1.00151,1.00,1.00
2017.07.20 04:19:17.269,1.00129,1.00151,3.37,1.00
2017.07.20 04:19:17.782,1.00131,1.00151,1.12,1.00
2017.07.20 04:19:17.833,1.00132,1.00153,1.37,1.00
2017.07.20 04:19:17.984,1.00135,1.00153,1.00,1.00
2017.07.20 04:19:21.779,1.00135,1.00152,1.00,1.00
2017.07.20 04:19:24.088,1.00134,1.0015,1.12,1.00
2017.07.20 04:19:24.593,1.00131,1.0015,1.12,1.00
2017.07.20 04:19:25.961,1.0013,1.00151,1.87,1.00
2017.07.20 04:19:26.062,1.0013,1.00149,1.87,1.00
2017.07.20 04:19:26.365,1.00131,1.00149,1.75,1.00
2017.07.20 04:19:29.267,1.00131,1.0015,1.12,1.00
2017.07.20 04:19:31.199,1.00129,1.0015,3.37,1.00
2017.07.20 04:19:31.701,1.00129,1.0015,3.37,1.00
2017.07.20 04:19:32.274,1.00129,1.0015,2.62,1.00
2017.07.20 04:19:32.995,1.00129,1.0015,3.37,1.00
2017.07.20 04:19:33.543,1.00129,1.0015,2.62,1.00
2017.07.20 04:19:34.125,1.00129,1.0015,3.37,1.00
2017.07.20 04:19:34.176,1.00129,1.0015,1.37,1.00
2017.07.20 04:19:34.227,1.00129,1.00148,1.00,1.00
2017.07.20 04:19:34.530,1.00122,1.00143,1.00,1.00
2017.07.20 04:19:34.682,1.00122,1.00141,1.00,1.00
2017.07.20 04:19:35.190,1.00121,1.00141,1.12,1.00
2017.07.20 04:19:35.742,1.00121,1.00141,1.12,1.00
2017.07.20 04:19:40.981,1.0012,1.00143,3.00,1.12
2017.07.20 04:19:42.505,1.00121,1.00143,2.25,1.00
2017.07.20 04:19:43.304,1.00121,1.00143,1.50,1.00
2017.07.20 04:19:45.803,1.0012,1.00143,4.12,1.00
2017.07.20 04:19:46.605,1.0012,1.00143,3.37,1.00
2017.07.20 04:19:49.552,1.0012,1.00143,3.37,1.00
2017.07.20 04:19:50.867,1.00121,1.00142,1.50,1.00
2017.07.20 04:19:51.274,1.00128,1.00146,1.00,1.50
2017.07.20 04:19:51.780,1.00127,1.00146,1.00,1.50
2017.07.20 04:19:52.331,1.00127,1.00146,1.00,1.50
2017.07.20 04:19:52.534,1.00127,1.00147,1.00,1.50
2017.07.20 04:19:54.942,1.00128,1.00146,1.00,1.12
2017.07.20 04:19:55.444,1.00127,1.00146,1.00,1.87
2017.07.20 04:20:07.785,1.00127,1.00147,1.00,1.00
2017.07.20 04:20:08.948,1.00125,1.00147,1.00,1.00
2017.07.20 04:20:09.100,1.00125,1.00148,1.00,2.25
2017.07.20 04:20:09.418,1.00127,1.00148,1.00,2.25
2017.07.20 04:20:09.468,1.00127,1.00148,1.00,2.25
2017.07.20 04:20:12.590,1.00128,1.00148,1.00,2.25
2017.07.20 04:20:16.199,1.0013,1.00148,1.00,1.50
2017.07.20 04:20:16.250,1.00126,1.00147,1.00,1.37
2017.07.20 04:20:16.976,1.00125,1.00148,1.00,1.50
2017.07.20 04:20:17.663,1.00129,1.00148,1.00,1.50
2017.07.20 04:20:17.916,1.00132,1.00151,1.00,1.12
2017.07.20 04:20:18.170,1.0013,1.00151,2.62,1.12
2017.07.20 04:20:18.533,1.00131,1.00152,1.50,1.00
2017.07.20 04:20:19.052,1.00131,1.00152,2.25,1.00
2017.07.20 04:20:19.617,1.00132,1.00152,1.00,1.00
2017.07.20 04:20:22.270,1.00133,1.00154,1.00,1.00
2017.07.20 04:20:23.809,1.00134,1.00153,1.00,1.00
2017.07.20 04:20:23.860,1.00135,1.00156,1.50,1.00
2017.07.20 04:20:23.962,1.0014,1.00157,1.00,1.00
2017.07.20 04:20:24.013,1.00138,1.00157,1.50,1.00
2017.07.20 04:20:24.115,1.00138,1.00159,1.00,1.00
2017.07.20 04:20:24.620,1.00137,1.00158,1.50,1.00
2017.07.20 04:20:25.155,1.00137,1.00157,1.00,1.00
2017.07.20 04:20:25.717,1.00136,1.00157,1.00,1.00
2017.07.20 04:20:26.475,1.00137,1.00158,1.00,1.00
2017.07.20 04:20:27.719,1.0014,1.00159,1.00,1.00
2017.07.20 04:20:28.035,1.0014,1.00161,1.00,1.00
2017.07.20 04:20:28.188,1.00142,1.00162,1.00,1.87
2017.07.20 04:20:28.391,1.00138,1.00161,1.50,1.00
2017.07.20 04:20:28.492,1.00138,1.00161,1.12,2.62
2017.07.20 04:20:28.846,1.00144,1.00161,1.00,1.75
2017.07.20 04:20:29.049,1.00145,1.00166,1.00,3.37
2017.07.20 04:20:29.100,1.00145,1.00164,1.00,1.12
2017.07.20 04:20:29.622,1.00145,1.00165,1.00,1.87
2017.07.20 04:20:30.205,1.00148,1.00162,1.00,1.37
2017.07.20 04:20:30.307,1.00148,1.00163,1.00,1.12
2017.07.20 04:20:30.408,1.00149,1.00167,1.00,1.00
2017.07.20 04:20:41.235,1.00147,1.00167,1.00,1.00
2017.07.20 04:20:42.481,1.00142,1.00164,1.00,1.00
2017.07.20 04:20:42.582,1.00142,1.00162,1.00,1.50
2017.07.20 04:20:42.884,1.00141,1.00161,1.50,1.50
2017.07.20 04:20:48.019,1.00139,1.00162,1.00,1.75
2017.07.20 04:20:49.452,1.00139,1.00162,1.00,1.75
2017.07.20 04:20:49.553,1.00139,1.00161,1.00,1.00
2017.07.20 04:20:50.067,1.0014,1.00161,1.00,1.50
2017.07.20 04:20:50.560,1.00139,1.00159,1.00,1.00
2017.07.20 04:20:51.017,1.00141,1.00159,1.00,1.00
2017.07.20 04:20:52.173,1.00143,1.00159,1.00,1.00
2017.07.20 04:20:52.375,1.00143,1.00161,1.00,1.00
2017.07.20 04:20:53.556,1.00139,1.00161,1.00,1.50
2017.07.20 04:20:53.657,1.00139,1.00159,1.00,1.00
2017.07.20 04:20:54.439,1.00139,1.00159,1.00,1.37
2017.07.20 04:20:54.669,1.00141,1.00161,1.00,1.12
2017.07.20 04:20:54.722,1.00144,1.00166,1.00,2.62
2017.07.20 04:20:54.773,1.00144,1.00167,1.00,2.25
2017.07.20 04:20:54.976,1.00143,1.00165,1.12,1.50
2017.07.20 04:20:57.337,1.00141,1.00162,1.50,1.00
2017.07.20 04:21:00.043,1.00142,1.00162,1.00,1.00
2017.07.20 04:21:00.631,1.00142,1.00163,1.00,1.12
2017.07.20 04:21:01.147,1.00141,1.00162,1.12,1.00
2017.07.20 04:21:02.543,1.00141,1.00159,1.00,1.00
2017.07.20 04:21:02.858,1.00138,1.00156,1.00,1.00
2017.07.20 04:21:04.167,1.00139,1.00156,1.00,1.00
2017.07.20 04:21:04.318,1.00137,1.00156,1.69,1.00
2017.07.20 04:21:05.558,1.00136,1.00152,1.00,1.00
2017.07.20 04:21:05.609,1.00134,1.00154,1.87,1.00
2017.07.20 04:21:06.151,1.00134,1.00154,1.00,1.00
2017.07.20 04:21:06.702,1.00133,1.00154,3.56,1.00
2017.07.20 04:21:07.087,1.00135,1.00154,1.00,1.00
2017.07.20 04:21:07.682,1.00135,1.00156,1.00,1.12
2017.07.20 04:21:08.214,1.00137,1.00156,1.00,1.00
2017.07.20 04:21:08.789,1.00136,1.00156,1.87,1.00
2017.07.20 04:21:12.980,1.00137,1.00156,1.00,1.00
2017.07.20 04:21:13.511,1.00136,1.00156,1.87,1.00
2017.07.20 04:21:14.043,1.00137,1.00156,1.00,1.00
2017.07.20 04:21:16.674,1.00136,1.00156,2.06,1.00
2017.07.20 04:21:17.280,1.00137,1.00156,1.25,1.00
2017.07.20 04:21:17.753,1.00138,1.00158,1.00,1.00
2017.07.20 04:21:18.359,1.00137,1.00157,1.50,1.00
2017.07.20 04:21:19.261,1.00137,1.00156,1.50,1.00
2017.07.20 04:21:19.513,1.00139,1.00155,1.00,1.00
2017.07.20 04:21:19.564,1.00139,1.00157,1.00,1.12
2017.07.20 04:21:19.712,1.00136,1.00156,2.25,1.00
2017.07.20 04:21:20.232,1.00137,1.00156,1.00,1.00
2017.07.20 04:21:21.806,1.00136,1.00156,2.25,1.00
2017.07.20 04:21:22.598,1.00137,1.00156,1.25,1.00
2017.07.20 04:21:23.648,1.00136,1.00156,2.44,1.00
2017.07.20 04:21:24.603,1.00137,1.00156,1.25,1.00
2017.07.20 04:21:24.809,1.00137,1.00159,1.00,1.00
2017.07.20 04:21:24.860,1.00139,1.00159,1.25,1.00
2017.07.20 04:21:25.225,1.00143,1.00162,1.50,1.00
2017.07.20 04:21:26.088,1.00143,1.00159,1.00,1.00
2017.07.20 04:21:26.678,1.00144,1.00159,1.00,1.00
2017.07.20 04:21:29.631,1.00142,1.00159,1.00,1.00
2017.07.20 04:21:29.682,1.0014,1.00159,1.50,1.00
2017.07.20 04:21:29.783,1.0014,1.00156,2.25,1.00
2017.07.20 04:21:30.036,1.00138,1.00156,1.50,1.00
2017.07.20 04:21:30.087,1.00138,1.00156,1.50,1.00
2017.07.20 04:21:30.239,1.00138,1.00156,1.12,1.00
2017.07.20 04:21:30.460,1.00139,1.0016,1.12,1.00
2017.07.20 04:21:30.562,1.0014,1.00159,1.37,1.00
2017.07.20 04:21:30.954,1.00139,1.00157,1.75,1.00
2017.07.20 04:21:31.253,1.00138,1.00154,1.00,1.00
2017.07.20 04:21:31.756,1.00137,1.00154,1.00,1.00
2017.07.20 04:21:32.178,1.00135,1.00154,1.12,1.00
2017.07.20 04:21:33.704,1.00134,1.00153,2.62,1.00
2017.07.20 04:21:35.531,1.00136,1.00153,1.00,1.00
2017.07.20 04:21:35.733,1.00135,1.00153,2.25,1.00
2017.07.20 04:21:36.765,1.00135,1.00152,1.37,1.00
2017.07.20 04:21:36.867,1.00133,1.00152,3.37,1.00
2017.07.20 04:21:38.135,1.00133,1.00151,3.37,1.00
2017.07.20 04:21:38.909,1.00134,1.00151,1.00,1.00
2017.07.20 04:21:39.058,1.00134,1.00154,1.00,1.00
2017.07.20 04:21:39.210,1.00134,1.00152,2.25,1.00
2017.07.20 04:21:39.580,1.00134,1.00154,1.00,1.00
2017.07.20 04:21:40.141,1.00135,1.00154,1.00,1.00
2017.07.20 04:21:40.674,1.00135,1.00151,1.00,1.00
2017.07.20 04:21:42.725,1.00135,1.00152,1.50,1.00
2017.07.20 04:21:43.911,1.00137,1.00155,1.00,1.00
2017.07.20 04:21:43.962,1.00139,1.00156,1.00,1.00
2017.07.20 04:21:47.564,1.00139,1.00155,1.00,1.00
2017.07.20 04:21:47.665,1.00137,1.00155,1.87,1.00
2017.07.20 04:21:47.968,1.00135,1.00153,2.25,1.00
2017.07.20 04:21:48.170,1.00135,1.00155,1.50,1.00
2017.07.20 04:21:51.316,1.00135,1.00154,1.00,1.00
2017.07.20 04:21:51.864,1.00135,1.00153,1.00,1.00
2017.07.20 04:21:52.458,1.00135,1.00155,1.50,1.00
2017.07.20 04:21:52.559,1.00138,1.00155,1.00,1.00
2017.07.20 04:21:53.448,1.00137,1.00154,1.00,1.00
2017.07.20 04:21:53.664,1.00134,1.00154,1.87,1.00
2017.07.20 04:21:54.177,1.00134,1.00153,2.25,1.00
2017.07.20 04:22:00.119,1.00135,1.00153,1.00,1.00
2017.07.20 04:22:01.950,1.00135,1.00154,1.00,1.00
2017.07.20 04:22:02.499,1.00134,1.00154,3.75,1.00
2017.07.20 04:22:03.030,1.00135,1.00154,1.00,1.00
2017.07.20 04:22:03.748,1.00136,1.00155,1.00,1.00
2017.07.20 04:22:03.799,1.00135,1.00153,1.00,1.00
2017.07.20 04:22:04.479,1.00136,1.00153,1.00,1.00
2017.07.20 04:22:08.911,1.00135,1.00153,1.00,1.00
2017.07.20 04:22:08.962,1.00135,1.00155,1.00,1.00
2017.07.20 04:22:12.749,1.00134,1.00155,2.25,1.00
2017.07.20 04:22:13.414,1.00135,1.00153,1.00,1.00
2017.07.20 04:22:14.197,1.00134,1.00153,3.00,1.00
2017.07.20 04:22:15.332,1.00135,1.00153,1.00,1.00
2017.07.20 04:22:16.610,1.00136,1.00153,1.00,1.00
2017.07.20 04:22:19.420,1.00135,1.00153,1.00,1.00
2017.07.20 04:22:21.313,1.00136,1.00153,1.00,1.00
2017.07.20 04:22:22.408,1.00135,1.00153,1.00,1.00
2017.07.20 04:22:25.278,1.00134,1.00153,2.25,1.00
2017.07.20 04:22:25.871,1.00134,1.00154,2.25,1.00
2017.07.20 04:22:26.412,1.00136,1.00154,1.00,1.00
2017.07.20 04:22:27.956,1.00136,1.00153,1.00,1.00
2017.07.20 04:22:29.137,1.00134,1.00153,2.25,1.00
2017.07.20 04:22:31.086,1.00135,1.00153,1.00,1.00
2017.07.20 04:22:32.878,1.00134,1.00153,2.25,1.00
2017.07.20 04:22:33.586,1.00135,1.00153,1.00,1.00
2017.07.20 04:22:34.336,1.00134,1.00153,1.50,1.00
2017.07.20 04:22:35.446,1.00135,1.00153,1.00,1.00
2017.07.20 04:22:42.601,1.00135,1.0015,1.50,1.00
2017.07.20 04:22:42.652,1.00135,1.00152,1.50,1.00
2017.07.20 04:22:45.627,1.00135,1.00154,1.00,1.00
2017.07.20 04:22:46.154,1.00136,1.00155,1.00,1.00
2017.07.20 04:22:46.463,1.00139,1.00155,1.00,1.00
2017.07.20 04:22:49.618,1.00139,1.00156,1.00,1.00
2017.07.20 04:22:49.669,1.00139,1.00159,1.00,1.50
2017.07.20 04:22:50.672,1.00139,1.00158,1.00,1.00
2017.07.20 04:22:50.886,1.00139,1.00156,1.00,1.00
2017.07.20 04:22:51.668,1.00137,1.00156,1.00,1.00
2017.07.20 04:22:52.437,1.00136,1.00156,1.50,1.00
2017.07.20 04:22:52.689,1.00136,1.00154,1.50,1.00
2017.07.20 04:22:54.085,1.00135,1.00153,1.00,1.00
2017.07.20 04:22:54.697,1.00136,1.00153,1.00,1.00
2017.07.20 04:22:55.238,1.00135,1.00153,1.00,1.00
2017.07.20 04:22:59.543,1.00134,1.00153,2.25,1.00
2017.07.20 04:23:00.368,1.00135,1.00153,1.00,1.00
2017.07.20 04:23:01.008,1.00135,1.00155,1.00,1.00
2017.07.20 04:23:01.628,1.00136,1.00155,1.00,1.00
2017.07.20 04:23:04.358,1.00135,1.00155,1.00,1.00
2017.07.20 04:23:05.525,1.00136,1.00155,1.00,1.00
2017.07.20 04:23:05.814,1.00134,1.00155,2.25,1.00
2017.07.20 04:23:06.348,1.00134,1.00154,2.25,1.00
2017.07.20 04:23:06.993,1.00134,1.00155,3.00,1.00
2017.07.20 04:23:12.502,1.00135,1.00154,1.12,1.00
2017.07.20 04:23:14.291,1.00134,1.00148,1.50,1.00
2017.07.20 04:23:14.392,1.00131,1.00151,1.75,1.00
2017.07.20 04:23:14.544,1.0013,1.00149,1.50,1.00
2017.07.20 04:23:14.746,1.00129,1.00147,2.25,1.00
2017.07.20 04:23:14.848,1.00127,1.00146,1.12,1.00
2017.07.20 04:23:15.390,1.00127,1.00147,1.12,1.00
2017.07.20 04:23:16.065,1.00125,1.00145,1.75,1.00
2017.07.20 04:23:16.927,1.00126,1.00147,3.75,1.00
2017.07.20 04:23:16.979,1.00128,1.0015,1.87,1.12
2017.07.20 04:23:17.433,1.00129,1.00148,1.12,1.00
2017.07.20 04:23:18.489,1.00129,1.00146,1.12,1.00
2017.07.20 04:23:18.540,1.00129,1.00148,1.12,1.00
2017.07.20 04:23:19.791,1.00129,1.00146,1.12,1.00
2017.07.20 04:23:20.888,1.00128,1.00147,2.25,1.00
2017.07.20 04:23:22.929,1.00128,1.00148,2.25,1.00
2017.07.20 04:23:23.232,1.00126,1.00146,2.25,1.00
2017.07.20 04:23:23.521,1.00127,1.00148,2.25,1.00
2017.07.20 04:23:29.350,1.00128,1.00146,1.50,1.00
2017.07.20 04:23:29.718,1.00128,1.00148,1.50,1.00
2017.07.20 04:23:31.959,1.00128,1.00149,1.50,1.00
2017.07.20 04:23:32.010,1.00128,1.00146,1.50,1.00
2017.07.20 04:23:33.681,1.00128,1.00149,1.50,1.00
2017.07.20 04:23:39.935,1.00128,1.00146,1.50,1.00
2017.07.20 04:23:40.739,1.00127,1.00148,2.25,1.00
2017.07.20 04:23:41.332,1.00127,1.00145,2.25,1.00
2017.07.20 04:23:41.840,1.00128,1.00147,1.50,1.00
2017.07.20 04:23:42.358,1.00126,1.00146,3.75,1.00
2017.07.20 04:23:42.876,1.00127,1.00145,1.75,1.00
2017.07.20 04:23:43.388,1.00126,1.00146,3.75,1.00
2017.07.20 04:23:43.550,1.00127,1.00149,1.50,1.00
2017.07.20 04:23:49.928,1.0013,1.0015,1.50,1.12
2017.07.20 04:23:50.438,1.00131,1.0015,1.00,1.00
2017.07.20 04:23:51.307,1.00129,1.00147,1.75,1.00
2017.07.20 04:23:51.408,1.00127,1.00146,1.50,1.00
2017.07.20 04:23:51.509,1.00128,1.00148,1.12,1.00
2017.07.20 04:23:52.067,1.00127,1.00149,1.50,1.00
2017.07.20 04:23:55.749,1.00127,1.00148,2.25,1.00
2017.07.20 04:23:55.817,1.00127,1.00146,1.50,1.00
2017.07.20 04:23:57.229,1.00126,1.00148,5.62,1.00
2017.07.20 04:23:58.339,1.00128,1.00149,1.12,1.00
2017.07.20 04:24:01.950,1.0013,1.0015,1.50,1.00
2017.07.20 04:24:02.452,1.00129,1.00149,3.75,1.00
2017.07.20 04:24:03.607,1.00132,1.00149,1.00,1.00
2017.07.20 04:24:03.658,1.00132,1.00151,1.00,1.00
2017.07.20 04:24:03.910,1.00134,1.00151,1.00,1.00
2017.07.20 04:24:06.004,1.00134,1.00152,1.00,1.00
2017.07.20 04:24:07.848,1.00134,1.00151,1.00,1.00
2017.07.20 04:24:25.045,1.00132,1.00151,2.25,1.00
2017.07.20 04:24:25.349,1.00131,1.00148,1.75,1.00
2017.07.20 04:24:27.860,1.00132,1.00149,1.50,1.00
2017.07.20 04:24:30.905,1.00132,1.00149,1.50,1.00
2017.07.20 04:24:39.595,1.00132,1.00148,1.50,1.00
2017.07.20 04:24:39.696,1.00132,1.00147,1.00,1.00
2017.07.20 04:24:40.001,1.00129,1.00149,4.50,1.00
2017.07.20 04:24:41.239,1.00129,1.00147,2.25,1.00
2017.07.20 04:24:41.543,1.00125,1.00142,2.62,1.00
2017.07.20 04:24:41.594,1.00124,1.00142,1.50,1.00
2017.07.20 04:24:42.159,1.00124,1.00142,2.25,1.00
2017.07.20 04:24:47.659,1.00124,1.00143,1.00,1.00
2017.07.20 04:24:47.760,1.00127,1.00147,1.12,1.00
2017.07.20 04:24:47.811,1.00129,1.00148,1.00,1.00
2017.07.20 04:24:47.913,1.0013,1.00151,3.00,1.00
2017.07.20 04:24:48.015,1.00131,1.00153,1.50,1.00
2017.07.20 04:24:48.319,1.00133,1.00153,2.25,1.00
2017.07.20 04:24:48.644,1.00133,1.00151,2.25,1.00
2017.07.20 04:24:48.839,1.00134,1.00152,1.00,1.00
2017.07.20 04:24:56.089,1.00134,1.00153,1.00,1.00
2017.07.20 04:24:56.342,1.00136,1.00157,1.00,1.00
2017.07.20 04:24:56.493,1.00138,1.00158,1.50,1.00
2017.07.20 04:24:56.546,1.00139,1.00161,1.00,1.37
2017.07.20 04:24:57.202,1.00139,1.00161,1.37,1.12
2017.07.20 04:24:57.808,1.00139,1.00161,1.87,1.00
2017.07.20 04:24:58.832,1.00138,1.00159,1.75,1.00
2017.07.20 04:24:58.950,1.00138,1.00159,1.50,1.00
2017.07.20 04:24:59.001,1.00136,1.00156,1.87,1.00
2017.07.20 04:24:59.153,1.00135,1.00156,1.50,1.00
2017.07.20 04:25:00.992,1.0014,1.00158,1.00,1.00
2017.07.20 04:25:01.043,1.0014,1.0016,1.00,1.00
2017.07.20 04:25:01.245,1.0014,1.00161,1.75,1.00
2017.07.20 04:25:01.347,1.0014,1.00161,1.87,1.00
2017.07.20 04:25:02.230,1.00137,1.00158,1.50,1.00
2017.07.20 04:25:02.433,1.0014,1.0016,1.00,1.50
2017.07.20 04:25:03.977,1.00138,1.0016,1.00,1.50
2017.07.20 04:25:04.480,1.00137,1.0016,1.00,2.25
2017.07.20 04:25:06.036,1.00137,1.00158,1.00,1.50
2017.07.20 04:25:07.363,1.00136,1.00159,1.00,2.25
2017.07.20 04:25:07.565,1.00136,1.00158,1.00,1.00
2017.07.20 04:25:09.668,1.00136,1.00159,1.00,1.00
2017.07.20 04:25:10.081,1.00136,1.00159,1.50,1.75
2017.07.20 04:25:12.239,1.00137,1.0016,1.00,1.75
2017.07.20 04:25:24.111,1.00138,1.00159,1.00,1.75
2017.07.20 04:25:25.294,1.00138,1.00158,1.00,1.50
2017.07.20 04:25:37.285,1.00137,1.00158,1.00,1.00
2017.07.20 04:25:48.327,1.00148,1.00162,1.00,1.37
2017.07.20 04:25:48.378,1.00148,1.00166,1.00,1.00
2017.07.20 04:25:48.631,1.0015,1.00167,1.00,1.50
2017.07.20 04:25:49.036,1.00147,1.00169,1.00,1.37
2017.07.20 04:25:49.137,1.00148,1.00166,1.00,1.00
2017.07.20 04:25:49.510,1.0015,1.00166,1.00,1.50
2017.07.20 04:25:50.029,1.0015,1.00166,1.00,1.50
2017.07.20 04:25:50.161,1.00146,1.00166,1.00,1.50
2017.07.20 04:25:50.850,1.00145,1.00166,1.50,1.50
2017.07.20 04:25:51.379,1.00147,1.00171,1.87,1.75
2017.07.20 04:25:55.620,1.00148,1.00172,1.00,1.75
2017.07.20 04:25:56.395,1.00148,1.00171,1.00,1.75
2017.07.20 04:25:59.450,1.00146,1.00171,1.00,2.25
2017.07.20 04:25:59.989,1.00146,1.00168,1.00,1.50
2017.07.20 04:26:04.912,1.00148,1.00168,1.00,1.50
2017.07.20 04:26:05.111,1.00146,1.00169,1.50,1.75
2017.07.20 04:26:07.135,1.0015,1.00168,1.00,1.50
2017.07.20 04:26:07.287,1.00152,1.00172,1.12,1.00
2017.07.20 04:26:07.388,1.00152,1.00176,1.50,1.12
2017.07.20 04:26:07.860,1.00154,1.00177,1.00,1.50
2017.07.20 04:26:07.913,1.00152,1.00178,1.00,2.25
2017.07.20 04:26:08.332,1.0015,1.00169,1.12,1.00
2017.07.20 04:26:08.895,1.00149,1.00168,1.00,1.00
2017.07.20 04:26:23.641,1.00149,1.00168,1.00,1.50
2017.07.20 04:26:26.948,1.00149,1.00169,1.00,1.50
2017.07.20 04:26:31.131,1.00149,1.00167,1.00,1.00
2017.07.20 04:26:31.182,1.0015,1.0017,1.00,1.50
2017.07.20 04:26:31.709,1.00149,1.00171,1.50,1.75
2017.07.20 04:26:32.165,1.00149,1.0017,1.00,2.25
2017.07.20 04:26:36.527,1.0015,1.0017,1.00,2.25
2017.07.20 04:26:37.095,1.00151,1.0017,1.00,1.75
2017.07.20 04:26:37.409,1.00149,1.00168,1.00,1.50
2017.07.20 04:26:38.486,1.00149,1.00166,1.00,1.00
2017.07.20 04:26:39.274,1.00149,1.00168,1.00,1.50
2017.07.20 04:26:39.804,1.00149,1.00166,1.00,1.00
2017.07.20 04:26:40.181,1.00149,1.00164,1.00,1.00
2017.07.20 04:26:40.824,1.00144,1.00164,1.87,1.00
2017.07.20 04:26:47.198,1.00144,1.00164,2.62,1.00
2017.07.20 04:26:49.304,1.00144,1.00165,1.87,1.00
2017.07.20 04:26:49.851,1.00145,1.00164,1.00,1.00
2017.07.20 04:26:50.366,1.00145,1.00165,1.00,1.00
2017.07.20 04:26:50.903,1.00145,1.00166,1.00,1.00
2017.07.20 04:26:51.565,1.00144,1.00166,3.37,1.00
2017.07.20 04:26:52.160,1.00144,1.00165,3.37,1.00
2017.07.20 04:26:52.460,1.00144,1.00164,1.12,1.00
2017.07.20 04:26:52.993,1.00144,1.00165,1.87,1.00
2017.07.20 04:26:53.808,1.00144,1.00165,1.87,1.00
2017.07.20 04:26:55.051,1.00144,1.00165,2.25,1.00
2017.07.20 04:26:57.787,1.00144,1.00165,2.25,1.00
2017.07.20 04:26:58.303,1.00144,1.00164,2.25,1.00
2017.07.20 04:27:03.916,1.00145,1.00165,1.50,1.00
2017.07.20 04:27:04.221,1.00149,1.00165,1.00,1.00
2017.07.20 04:27:07.428,1.00149,1.00164,1.00,1.00
2017.07.20 04:27:08.725,1.00145,1.00164,1.00,1.00
2017.07.20 04:27:20.966,1.00144,1.00164,1.87,1.00
2017.07.20 04:27:21.663,1.00144,1.00164,2.62,1.00
2017.07.20 04:27:22.323,1.00144,1.00164,2.62,1.00
2017.07.20 04:27:25.792,1.00144,1.00167,1.87,1.00
2017.07.20 04:27:25.843,1.00144,1.00164,2.62,1.00
2017.07.20 04:27:26.563,1.00144,1.00164,1.87,1.00
2017.07.20 04:27:29.966,1.00145,1.00166,1.87,1.00
2017.07.20 04:27:30.544,1.00146,1.00166,1.00,1.00
2017.07.20 04:27:31.062,1.00147,1.00167,1.00,1.12
2017.07.20 04:27:33.450,1.00146,1.00167,1.12,1.12
2017.07.20 04:27:33.985,1.00147,1.00167,1.00,1.12
2017.07.20 04:27:34.522,1.00144,1.00166,4.12,1.00
2017.07.20 04:27:34.877,1.00143,1.00163,1.00,1.00
2017.07.20 04:27:35.418,1.00142,1.00162,1.00,1.12
2017.07.20 04:27:36.484,1.0014,1.0016,1.00,1.00
2017.07.20 04:27:36.793,1.00138,1.00158,1.50,1.00
2017.07.20 04:27:40.354,1.00138,1.00157,1.00,1.00
2017.07.20 04:27:40.913,1.00137,1.00157,1.87,1.00
2017.07.20 04:27:42.050,1.00138,1.00158,1.50,1.00
2017.07.20 04:27:42.252,1.00143,1.00165,1.12,2.25
2017.07.20 04:27:42.874,1.00144,1.00165,1.00,1.87
2017.07.20 04:27:48.686,1.00144,1.00164,1.00,1.00
2017.07.20 04:27:50.879,1.00144,1.00165,1.12,1.00
2017.07.20 04:27:52.666,1.00144,1.00164,1.12,1.00
2017.07.20 04:27:55.945,1.00142,1.00162,1.75,1.00
2017.07.20 04:27:56.147,1.00139,1.00159,2.25,1.00
2017.07.20 04:27:56.773,1.00139,1.00159,1.50,1.00
2017.07.20 04:27:56.891,1.00139,1.00157,1.00,1.00
2017.07.20 04:28:04.025,1.00139,1.00156,1.00,1.00
2017.07.20 04:28:04.328,1.00136,1.00155,1.12,1.00
2017.07.20 04:28:04.875,1.00137,1.00155,1.12,1.00
2017.07.20 04:28:05.690,1.00137,1.00156,1.00,1.00
2017.07.20 04:28:06.222,1.00135,1.00157,1.50,1.00
2017.07.20 04:28:06.273,1.00135,1.00155,2.25,1.00
2017.07.20 04:28:07.630,1.00136,1.00156,1.12,1.00
2017.07.20 04:28:10.150,1.00134,1.00154,2.25,1.00
2017.07.20 04:28:12.085,1.00133,1.00154,1.50,1.00
2017.07.20 04:28:13.455,1.00135,1.00157,1.00,1.37
2017.07.20 04:28:14.650,1.00138,1.00158,1.00,1.50
2017.07.20 04:28:14.701,1.00138,1.00158,1.00,1.12
2017.07.20 04:28:14.904,1.00139,1.00161,1.50,1.37
2017.07.20 04:28:16.271,1.0014,1.00161,1.00,1.37
2017.07.20 04:28:16.818,1.0014,1.00161,1.00,1.00
2017.07.20 04:28:38.060,1.00137,1.00157,2.25,1.00
2017.07.20 04:28:47.681,1.00138,1.00159,2.25,1.00
2017.07.20 04:28:48.783,1.00138,1.00159,3.00,1.00
2017.07.20 04:28:49.295,1.00138,1.0016,3.00,1.00
2017.07.20 04:28:50.786,1.00141,1.00161,1.12,1.00
2017.07.20 04:28:51.091,1.00146,1.00167,1.12,1.00
2017.07.20 04:28:52.429,1.00145,1.00167,2.62,1.00
2017.07.20 04:28:52.994,1.00145,1.00167,2.62,1.00
2017.07.20 04:28:56.402,1.00146,1.00164,1.12,1.00
2017.07.20 04:28:56.982,1.00147,1.00167,1.00,1.00
2017.07.20 04:29:00.462,1.00148,1.00168,1.00,1.12
2017.07.20 04:29:10.753,1.00148,1.0017,1.00,1.50
2017.07.20 04:29:11.493,1.00148,1.0017,1.00,1.50
2017.07.20 04:29:15.699,1.00146,1.00168,1.50,1.00
2017.07.20 04:29:16.163,1.00146,1.00166,1.87,1.00
2017.07.20 04:29:16.924,1.00145,1.00165,1.12,1.00
2017.07.20 04:29:17.788,1.00145,1.00165,1.37,1.00
2017.07.20 04:29:18.330,1.00145,1.00165,1.12,1.00
2017.07.20 04:29:19.938,1.00144,1.00163,1.12,1.00
2017.07.20 04:29:19.989,1.00143,1.00165,1.87,1.12
2017.07.20 04:29:20.040,1.00143,1.00162,1.50,1.00
2017.07.20 04:29:20.222,1.00144,1.00165,1.00,1.12
2017.07.20 04:29:20.272,1.00146,1.00167,1.00,2.25
2017.07.20 04:29:20.506,1.00147,1.00167,1.00,1.12
2017.07.20 04:29:20.607,1.00149,1.00167,1.00,1.12
2017.07.20 04:29:21.019,1.00147,1.00167,1.00,1.12
2017.07.20 04:29:21.774,1.00148,1.00167,1.00,1.12
2017.07.20 04:29:27.658,1.00146,1.00166,1.00,1.00
2017.07.20 04:29:27.910,1.00145,1.00166,1.00,1.50
2017.07.20 04:29:28.217,1.00149,1.00167,1.00,1.00
2017.07.20 04:29:34.529,1.00148,1.00168,1.00,1.50
2017.07.20 04:29:35.124,1.00149,1.00168,1.00,1.50
2017.07.20 04:29:37.284,1.00148,1.00168,1.00,1.50
2017.07.20 04:29:38.899,1.00149,1.00168,1.00,1.50
2017.07.20 04:29:39.975,1.00148,1.00168,1.00,1.50
2017.07.20 04:29:41.736,1.00149,1.00169,1.00,1.75
2017.07.20 04:29:41.837,1.00149,1.00171,1.00,1.50
2017.07.20 04:29:42.342,1.00149,1.0017,1.00,1.00
2017.07.20 04:29:43.797,1.00149,1.00169,1.00,1.00
2017.07.20 04:29:46.550,1.00148,1.00168,1.00,1.00
2017.07.20 04:29:46.652,1.00146,1.00166,1.00,1.00
2017.07.20 04:29:46.909,1.00144,1.00166,2.25,1.00
2017.07.20 04:29:49.612,1.00144,1.00166,3.00,1.00
2017.07.20 04:29:50.380,1.00145,1.00165,1.00,1.00
2017.07.20 04:29:51.750,1.00146,1.00167,1.00,1.00
2017.07.20 04:29:52.296,1.00145,1.00166,1.50,1.00
2017.07.20 04:29:52.397,1.00142,1.00166,1.50,3.00
2017.07.20 04:29:52.448,1.00142,1.00162,1.50,1.00
2017.07.20 04:29:52.971,1.00142,1.00161,1.00,1.00
2017.07.20 04:29:53.618,1.00142,1.00162,1.00,1.12
2017.07.20 04:29:55.224,1.00144,1.00163,1.00,1.12
2017.07.20 04:29:55.797,1.00145,1.00164,1.00,1.12
2017.07.20 04:29:58.569,1.00144,1.00164,1.00,1.87
2017.07.20 04:29:59.247,1.00144,1.00163,1.00,1.50
2017.07.20 04:29:59.796,1.00145,1.00165,1.00,1.87
2017.07.20 04:30:00.566,1.00145,1.00164,1.00,1.12
2017.07.20 04:30:00.671,1.00142,1.00162,1.00,1.00
2017.07.20 04:30:00.954,1.0014,1.00162,1.00,1.00
2017.07.20 04:30:01.820,1.00139,1.00161,1.50,1.00
2017.07.20 04:30:02.340,1.00141,1.00161,1.00,1.00
2017.07.20 04:30:03.421,1.0014,1.00163,1.00,2.25
2017.07.20 04:30:03.472,1.00142,1.00163,1.00,1.00
2017.07.20 04:30:03.797,1.0014,1.00161,1.00,1.00
2017.07.20 04:30:04.326,1.00139,1.00158,1.00,1.00
2017.07.20 04:30:06.763,1.00139,1.00157,1.00,1.00
2017.07.20 04:30:07.829,1.00139,1.0016,1.00,1.00
2017.07.20 04:30:08.513,1.0014,1.0016,1.00,1.00
2017.07.20 04:30:09.257,1.0014,1.00158,1.00,1.00
2017.07.20 04:30:11.192,1.00139,1.00158,1.00,1.00
2017.07.20 04:30:15.824,1.00139,1.00157,1.00,1.00
2017.07.20 04:30:25.465,1.00139,1.00162,1.00,1.50
2017.07.20 04:30:25.516,1.00139,1.00157,1.00,1.00
2017.07.20 04:30:32.904,1.00138,1.0016,1.87,1.00
2017.07.20 04:30:32.955,1.00148,1.00164,1.00,2.25
2017.07.20 04:30:33.005,1.00146,1.00164,1.00,1.75
2017.07.20 04:30:33.107,1.00149,1.00167,1.00,1.00
2017.07.20 04:30:33.158,1.00148,1.00169,1.00,1.12
2017.07.20 04:30:33.528,1.0015,1.0017,1.00,1.00
2017.07.20 04:30:34.043,1.00149,1.00169,1.00,1.00
2017.07.20 04:30:34.347,1.00147,1.00161,1.50,1.00
2017.07.20 04:30:34.399,1.0014,1.00161,2.25,1.00
2017.07.20 04:30:34.500,1.0014,1.0016,1.00,1.00
2017.07.20 04:30:34.720,1.00138,1.0016,2.25,1.00
2017.07.20 04:30:34.821,1.0014,1.0016,1.00,1.00
2017.07.20 04:30:35.328,1.00139,1.00161,1.50,1.00
2017.07.20 04:30:35.847,1.00142,1.00162,1.00,1.12
2017.07.20 04:30:35.949,1.0014,1.00163,1.12,1.50
2017.07.20 04:30:36.181,1.00146,1.00165,1.00,1.75
2017.07.20 04:30:36.232,1.00143,1.00164,1.00,2.25
2017.07.20 04:30:36.333,1.00145,1.00165,1.12,1.00
2017.07.20 04:30:36.384,1.00147,1.00168,1.00,1.37
2017.07.20 04:30:36.874,1.00145,1.00165,2.25,1.00
2017.07.20 04:30:37.127,1.00145,1.00166,1.12,1.00
2017.07.20 04:30:37.395,1.00144,1.00163,1.87,1.00
2017.07.20 04:30:38.512,1.00144,1.00166,2.62,1.00
2017.07.20 04:30:39.048,1.00144,1.00167,2.62,1.12
2017.07.20 04:30:39.386,1.00144,1.00162,1.87,1.00
2017.07.20 04:30:39.917,1.00144,1.00163,1.00,1.00
2017.07.20 04:30:40.228,1.00142,1.00158,1.00,1.00
2017.07.20 04:30:40.330,1.00138,1.00157,1.00,1.00
2017.07.20 04:30:40.878,1.00139,1.00156,1.00,1.00
2017.07.20 04:30:44.521,1.00137,1.00156,1.50,1.00
2017.07.20 04:30:44.894,1.00141,1.00161,1.12,1.00
2017.07.20 04:30:44.946,1.00141,1.00161,1.37,1.00
2017.07.20 04:30:45.047,1.00142,1.00163,1.00,1.00
2017.07.20 04:30:45.532,1.00141,1.00163,1.75,1.00
2017.07.20 04:30:46.065,1.00142,1.00162,1.50,1.00
2017.07.20 04:30:49.059,1.00142,1.00162,1.50,1.00
2017.07.20 04:30:50.285,1.00142,1.00161,1.50,1.00
2017.07.20 04:30:50.456,1.00141,1.00161,3.00,1.00
2017.07.20 04:30:50.984,1.00142,1.00161,1.50,1.00
2017.07.20 04:30:51.649,1.00141,1.00161,3.00,1.00
2017.07.20 04:30:52.360,1.00142,1.00161,1.50,1.00
2017.07.20 04:30:52.889,1.00141,1.0016,1.37,1.00
2017.07.20 04:30:53.401,1.00139,1.00161,3.37,1.00
2017.07.20 04:30:58.124,1.0014,1.0016,1.50,1.00
2017.07.20 04:30:58.368,1.00142,1.00162,1.00,1.00
2017.07.20 04:30:58.419,1.00141,1.00161,1.75,1.00
2017.07.20 04:30:59.033,1.00144,1.00162,1.12,1.00
2017.07.20 04:30:59.573,1.00144,1.00162,1.50,1.00
2017.07.20 04:31:00.090,1.00144,1.00162,1.12,1.00
2017.07.20 04:31:00.645,1.00145,1.00162,1.00,1.00
2017.07.20 04:31:01.176,1.00145,1.00163,1.00,1.00
2017.07.20 04:31:02.036,1.00144,1.00163,2.25,1.00
2017.07.20 04:31:03.527,1.00144,1.00164,1.50,1.00
2017.07.20 04:31:03.835,1.00146,1.00165,1.50,1.00
2017.07.20 04:31:04.331,1.00146,1.00165,2.25,1.00
2017.07.20 04:31:05.322,1.00146,1.00163,1.87,1.00
2017.07.20 04:31:05.525,1.00146,1.00165,2.25,1.00
2017.07.20 04:31:05.728,1.00146,1.00163,1.50,1.00
2017.07.20 04:31:06.146,1.00146,1.00163,1.50,1.00
2017.07.20 04:31:06.653,1.00146,1.00162,1.12,1.00
2017.07.20 04:31:09.278,1.00144,1.00162,3.00,1.00
2017.07.20 04:31:09.737,1.00144,1.00165,2.25,1.00
2017.07.20 04:31:09.788,1.00144,1.00163,1.87,1.00
2017.07.20 04:31:10.563,1.00145,1.00162,1.87,1.00
2017.07.20 04:31:11.016,1.00148,1.00162,1.00,1.00
2017.07.20 04:31:11.067,1.00149,1.00168,1.00,1.00
2017.07.20 04:31:11.118,1.00149,1.00169,1.75,1.00
2017.07.20 04:31:11.433,1.00152,1.00167,1.00,1.00
2017.07.20 04:31:11.484,1.0015,1.00167,1.00,1.00
2017.07.20 04:31:11.990,1.00149,1.00168,2.62,1.00
2017.07.20 04:31:12.232,1.00149,1.00165,1.50,1.00
2017.07.20 04:31:12.384,1.00147,1.00164,1.00,1.00
2017.07.20 04:31:12.913,1.00148,1.00164,1.00,1.00
2017.07.20 04:31:13.376,1.00145,1.00163,1.12,1.00
2017.07.20 04:31:16.284,1.00146,1.00163,1.00,1.00
2017.07.20 04:31:16.817,1.00147,1.00163,1.00,1.00
2017.07.20 04:31:17.436,1.00147,1.00164,1.00,1.00
2017.07.20 04:31:21.942,1.00147,1.00165,1.00,1.00
2017.07.20 04:31:22.487,1.00147,1.00166,1.50,1.00
2017.07.20 04:31:23.946,1.00147,1.00165,1.00,1.00
2017.07.20 04:31:24.515,1.00147,1.00164,1.00,1.00
2017.07.20 04:31:25.350,1.00147,1.00166,1.00,1.00
2017.07.20 04:31:26.010,1.00147,1.00164,1.00,1.00
2017.07.20 04:31:26.264,1.00147,1.00166,1.00,1.00
2017.07.20 04:31:26.899,1.00148,1.00166,1.00,1.00
2017.07.20 04:31:31.324,1.00146,1.00166,1.00,1.00
2017.07.20 04:31:31.850,1.00144,1.00166,3.00,1.00
2017.07.20 04:31:34.486,1.00144,1.00164,3.37,1.00
2017.07.20 04:31:43.772,1.00144,1.00166,3.37,1.00
2017.07.20 04:31:44.378,1.00146,1.00165,1.00,1.00
2017.07.20 04:31:44.949,1.00146,1.00164,1.00,1.00
2017.07.20 04:31:46.947,1.00146,1.00165,1.12,1.00
2017.07.20 04:31:47.984,1.00146,1.00166,1.12,1.00
2017.07.20 04:31:48.035,1.00146,1.00164,1.12,1.00
2017.07.20 04:31:53.945,1.00147,1.00164,1.00,1.00
2017.07.20 04:31:59.108,1.00147,1.00168,1.00,1.00
2017.07.20 04:32:03.502,1.00147,1.00169,1.00,1.00
2017.07.20 04:32:08.156,1.00147,1.00167,1.50,1.00
2017.07.20 04:32:08.478,1.00146,1.00165,1.00,1.00
2017.07.20 04:32:09.087,1.00145,1.00165,1.00,1.00
2017.07.20 04:32:21.925,1.00145,1.00167,1.00,1.00
2017.07.20 04:32:23.778,1.00144,1.00167,1.50,1.00
2017.07.20 04:32:25.283,1.00145,1.00167,1.00,1.00
2017.07.20 04:32:31.937,1.00144,1.00167,1.87,1.00
2017.07.20 04:32:32.076,1.00147,1.00167,1.00,1.00
2017.07.20 04:32:32.905,1.00146,1.00168,1.50,1.00
2017.07.20 04:32:36.749,1.00146,1.00167,1.50,1.00
2017.07.20 04:32:41.269,1.00145,1.00166,2.25,1.00
2017.07.20 04:32:41.880,1.00144,1.00162,2.25,1.00
2017.07.20 04:32:43.996,1.00145,1.00161,1.75,1.00
2017.07.20 04:32:49.622,1.00145,1.00161,1.50,1.00
2017.07.20 04:32:50.930,1.00145,1.00162,1.50,1.00
2017.07.20 04:32:52.609,1.00145,1.00163,1.50,1.00
2017.07.20 04:32:53.802,1.00145,1.00161,1.50,1.00
2017.07.20 04:32:59.836,1.00145,1.00163,1.50,1.00
2017.07.20 04:33:05.696,1.00145,1.00167,1.00,1.00
2017.07.20 04:33:06.277,1.00145,1.00166,1.50,1.00
2017.07.20 04:33:07.525,1.00145,1.00165,1.50,1.00
2017.07.20 04:33:07.576,1.00145,1.00163,1.00,1.00
2017.07.20 04:33:07.778,1.00141,1.00162,1.50,1.00
2017.07.20 04:33:08.393,1.00143,1.00162,1.00,1.00
2017.07.20 04:33:09.837,1.00142,1.00162,1.12,1.00
2017.07.20 04:33:10.144,1.00144,1.00162,1.00,1.00
2017.07.20 04:33:10.872,1.00144,1.00164,1.50,1.00
2017.07.20 04:33:10.923,1.00146,1.00166,1.00,2.25
2017.07.20 04:33:10.975,1.00144,1.00166,1.50,1.50
2017.07.20 04:33:11.127,1.00144,1.00163,1.00,1.00
2017.07.20 04:33:12.047,1.00143,1.00163,1.50,1.00
2017.07.20 04:33:16.785,1.00143,1.0016,1.00,1.00
2017.07.20 04:33:29.044,1.00144,1.0016,1.00,1.00
2017.07.20 04:33:35.524,1.00144,1.00163,1.00,1.00
2017.07.20 04:33:42.027,1.00144,1.00165,1.00,1.12
2017.07.20 04:33:45.732,1.00144,1.00165,1.00,1.37
2017.07.20 04:33:49.573,1.00144,1.00165,1.00,1.12
2017.07.20 04:34:00.015,1.00144,1.00164,1.00,1.00
2017.07.20 04:34:00.806,1.00144,1.00165,1.00,1.00
2017.07.20 04:34:10.076,1.00144,1.00164,1.00,1.00
2017.07.20 04:34:10.127,1.00144,1.0016,1.00,1.00
2017.07.20 04:34:13.502,1.00144,1.00159,1.00,1.00
2017.07.20 04:34:16.886,1.00139,1.00159,2.25,1.00
2017.07.20 04:34:17.497,1.0014,1.00159,1.00,1.00
2017.07.20 04:34:18.026,1.0014,1.0016,1.12,1.00
2017.07.20 04:34:21.049,1.00143,1.0016,1.00,1.00
2017.07.20 04:34:24.132,1.00139,1.0016,3.00,1.00
2017.07.20 04:34:28.325,1.00142,1.0016,1.00,1.00
2017.07.20 04:34:28.376,1.00144,1.00164,1.00,1.00
2017.07.20 04:34:28.427,1.00146,1.00164,1.00,1.00
2017.07.20 04:34:28.629,1.00147,1.00168,1.00,1.12
2017.07.20 04:34:29.147,1.00148,1.00169,1.00,1.00
2017.07.20 04:34:31.640,1.00147,1.00167,1.12,1.00
2017.07.20 04:34:31.944,1.00145,1.00164,1.75,1.00
2017.07.20 04:34:32.045,1.00145,1.00164,1.12,1.00
2017.07.20 04:34:48.938,1.00143,1.00164,3.37,1.00
2017.07.20 04:34:58.395,1.00146,1.00164,1.50,1.00
2017.07.20 04:34:58.446,1.00145,1.00167,2.25,1.12
2017.07.20 04:34:58.597,1.00149,1.00167,1.00,1.12
2017.07.20 04:35:01.319,1.00149,1.0017,1.00,1.12
2017.07.20 04:35:19.378,1.00149,1.00171,1.50,1.50
2017.07.20 04:35:28.003,1.00151,1.00172,1.00,3.00
2017.07.20 04:35:28.549,1.0015,1.00171,1.00,1.75
2017.07.20 04:35:43.001,1.00149,1.0017,1.50,1.50
2017.07.20 04:35:47.317,1.00156,1.0017,1.00,1.50
2017.07.20 04:35:47.520,1.0016,1.0018,1.00,4.12
2017.07.20 04:35:47.571,1.00158,1.00179,1.00,1.50
2017.07.20 04:35:47.672,1.00158,1.00179,1.00,1.50
2017.07.20 04:35:47.824,1.0016,1.0018,1.00,2.25
2017.07.20 04:35:50.103,1.00161,1.00181,1.00,3.75
2017.07.20 04:35:51.883,1.00159,1.0018,1.00,1.75
2017.07.20 04:35:51.934,1.00157,1.00178,1.00,1.12
2017.07.20 04:35:52.452,1.00157,1.00177,1.00,1.00
2017.07.20 04:35:53.129,1.00156,1.00177,1.00,1.50
2017.07.20 04:35:53.630,1.00158,1.00177,1.00,1.50
2017.07.20 04:35:54.167,1.00157,1.00177,1.00,1.50
2017.07.20 04:35:55.377,1.00156,1.00177,1.00,1.50
2017.07.20 04:35:56.297,1.00156,1.00176,1.00,1.00
2017.07.20 04:35:56.751,1.00157,1.0018,1.00,2.25
2017.07.20 04:35:57.129,1.00159,1.0018,1.00,2.25
2017.07.20 04:35:57.700,1.00158,1.00179,1.00,1.50
2017.07.20 04:35:58.860,1.00161,1.00181,1.00,3.00
2017.07.20 04:35:59.062,1.00161,1.00181,1.00,1.87
2017.07.20 04:35:59.726,1.00161,1.0018,1.00,1.00
2017.07.20 04:36:03.079,1.00161,1.00181,1.00,1.87
2017.07.20 04:36:03.733,1.00161,1.0018,1.00,1.00
2017.07.20 04:36:04.823,1.00159,1.00182,1.00,3.00
2017.07.20 04:36:04.924,1.00161,1.00181,1.00,1.12
2017.07.20 04:36:09.601,1.00161,1.00181,1.00,2.25
2017.07.20 04:36:10.115,1.00161,1.00181,1.00,1.75
2017.07.20 04:36:16.215,1.0016,1.0018,1.00,1.50
2017.07.20 04:36:16.866,1.0016,1.0018,1.00,1.00
2017.07.20 04:36:18.056,1.00161,1.00181,1.00,1.00
2017.07.20 04:36:18.899,1.0016,1.0018,1.00,1.00
2017.07.20 04:36:19.457,1.00159,1.0018,1.50,1.00
2017.07.20 04:36:21.753,1.00159,1.00179,1.00,1.00
2017.07.20 04:36:22.270,1.00158,1.00178,1.00,1.00
2017.07.20 04:36:22.372,1.00155,1.00178,1.00,2.25
2017.07.20 04:36:22.892,1.00154,1.00175,1.00,1.00
2017.07.20 04:36:23.420,1.00154,1.00175,1.00,1.37
2017.07.20 04:36:24.243,1.00153,1.00175,1.00,1.37
2017.07.20 04:36:25.141,1.00154,1.00175,1.00,1.37
2017.07.20 04:36:25.293,1.00154,1.00176,1.12,1.00
2017.07.20 04:36:25.730,1.00154,1.00174,1.12,1.00
2017.07.20 04:36:26.481,1.00155,1.00175,1.00,1.00
2017.07.20 04:36:26.830,1.00156,1.00176,1.00,2.25
2017.07.20 04:36:26.931,1.00154,1.00176,1.00,2.25
2017.07.20 04:36:30.251,1.00153,1.00175,1.00,1.75
2017.07.20 04:36:30.301,1.00155,1.00174,1.00,1.50
2017.07.20 04:36:30.909,1.00155,1.00174,1.00,1.00
2017.07.20 04:36:32.081,1.00154,1.00174,1.00,1.50
2017.07.20 04:36:35.565,1.00156,1.00174,1.00,1.00
2017.07.20 04:36:35.818,1.00161,1.00181,1.00,1.00
2017.07.20 04:36:37.635,1.00159,1.00181,1.00,1.50
2017.07.20 04:36:47.710,1.00159,1.00179,1.00,1.00
2017.07.20 04:36:57.707,1.00157,1.00179,1.37,1.00
2017.07.20 04:36:58.061,1.00159,1.00179,1.37,1.00
2017.07.20 04:36:59.222,1.00156,1.00182,2.25,1.12
2017.07.20 04:36:59.273,1.00158,1.0018,1.50,1.00
2017.07.20 04:36:59.781,1.0016,1.00181,1.12,1.00
2017.07.20 04:37:01.653,1.00159,1.0018,1.37,1.00
2017.07.20 04:37:02.190,1.00159,1.0018,1.00,1.12
2017.07.20 04:37:02.768,1.00159,1.00179,1.00,1.00
2017.07.20 04:37:03.071,1.00161,1.00181,1.00,2.25
2017.07.20 04:37:06.057,1.0016,1.0018,1.00,1.12
2017.07.20 04:37:06.839,1.00159,1.00179,1.00,1.00
2017.07.20 04:37:07.379,1.00158,1.00181,1.00,1.50
2017.07.20 04:37:07.695,1.00156,1.00176,3.00,1.00
2017.07.20 04:37:08.434,1.00156,1.00176,1.00,1.00
2017.07.20 04:37:10.747,1.00156,1.00176,1.37,1.00
2017.07.20 04:37:12.630,1.00158,1.00178,1.00,1.00
2017.07.20 04:37:19.789,1.00162,1.00179,1.00,1.00
2017.07.20 04:37:20.682,1.00162,1.0018,1.00,1.12
2017.07.20 04:37:21.243,1.00162,1.00179,1.00,1.00
2017.07.20 04:37:23.061,1.00162,1.00181,1.00,2.62
2017.07.20 04:37:35.310,1.00157,1.00175,1.12,1.00
2017.07.20 04:37:44.554,1.00155,1.00174,1.75,1.00
2017.07.20 04:37:55.574,1.00155,1.00173,2.25,1.00
2017.07.20 04:37:56.133,1.00155,1.00172,1.75,1.00
2017.07.20 04:37:59.980,1.00155,1.00172,1.50,1.00
2017.07.20 04:38:01.045,1.00155,1.0017,1.50,1.00
2017.07.20 04:38:01.197,1.00152,1.0017,1.37,1.00
2017.07.20 04:38:01.562,1.00152,1.00172,1.87,1.00
2017.07.20 04:38:01.765,1.00153,1.00172,1.50,1.00
2017.07.20 04:38:02.415,1.00154,1.00175,1.87,1.00
2017.07.20 04:38:03.274,1.00154,1.00175,1.87,1.00
2017.07.20 04:38:04.598,1.00154,1.00176,2.62,1.00
2017.07.20 04:38:04.991,1.00157,1.00178,1.12,1.00
2017.07.20 04:38:10.875,1.00157,1.00178,1.37,1.00
2017.07.20 04:38:18.795,1.00156,1.00179,2.62,1.00
2017.07.20 04:38:18.847,1.00156,1.00176,2.25,1.00
2017.07.20 04:38:19.050,1.00155,1.00176,1.37,1.00
2017.07.20 04:38:26.099,1.00157,1.00178,1.00,1.12
2017.07.20 04:38:38.073,1.00156,1.00178,1.00,1.00
2017.07.20 04:38:38.124,1.00156,1.00176,1.50,1.00
2017.07.20 04:38:40.051,1.00155,1.00177,1.00,1.00
2017.07.20 04:38:53.551,1.00155,1.00178,1.50,1.00
2017.07.20 04:38:53.854,1.00158,1.00179,1.00,1.00
2017.07.20 04:38:55.511,1.00159,1.0018,1.00,1.00
2017.07.20 04:38:57.026,1.00157,1.0018,2.25,1.00
2017.07.20 04:38:58.477,1.00157,1.00177,2.25,1.00
2017.07.20 04:38:59.853,1.00157,1.00176,1.50,1.00
2017.07.20 04:39:01.225,1.00157,1.00178,1.12,1.00
2017.07.20 04:39:01.810,1.00159,1.00178,1.00,1.00
2017.07.20 04:39:13.721,1.00156,1.00178,1.37,1.00
2017.07.20 04:39:16.718,1.00156,1.00178,1.12,1.00
2017.07.20 04:39:17.693,1.00156,1.00176,1.50,1.00
2017.07.20 04:39:17.794,1.00156,1.00178,1.00,1.00
2017.07.20 04:39:19.196,1.00156,1.00178,1.37,1.00
2017.07.20 04:39:29.660,1.00156,1.00178,1.37,1.00
2017.07.20 04:39:30.447,1.00156,1.00178,1.00,1.00
2017.07.20 04:39:39.495,1.00157,1.00177,1.00,1.00
2017.07.20 04:39:44.968,1.00155,1.00178,2.25,1.12
2017.07.20 04:39:45.170,1.00155,1.00177,1.12,1.12
2017.07.20 04:39:49.430,1.00154,1.00177,2.62,1.12
2017.07.20 04:39:59.109,1.00154,1.00177,2.62,1.12
2017.07.20 04:40:02.820,1.00154,1.00177,3.00,1.12
2017.07.20 04:40:03.200,1.00154,1.00175,3.00,1.00
2017.07.20 04:40:04.269,1.00154,1.00174,2.25,1.00
2017.07.20 04:40:04.852,1.00154,1.00175,1.50,1.00
2017.07.20 04:40:04.926,1.00154,1.0018,1.50,2.25
2017.07.20 04:40:04.977,1.00154,1.00174,2.25,1.00
2017.07.20 04:40:06.748,1.00154,1.00174,3.00,1.00
2017.07.20 04:40:08.029,1.00154,1.00174,2.62,1.00
2017.07.20 04:40:14.039,1.00154,1.00174,3.00,1.00
2017.07.20 04:40:14.191,1.00154,1.00177,3.00,1.12
2017.07.20 04:40:14.739,1.00155,1.00177,1.12,1.00
2017.07.20 04:40:15.507,1.00155,1.00176,1.12,1.00
2017.07.20 04:40:21.630,1.00154,1.00174,2.25,1.00
2017.07.20 04:40:41.340,1.00154,1.00176,1.50,1.00
2017.07.20 04:40:41.861,1.00155,1.00177,1.75,1.00
2017.07.20 04:40:45.477,1.00155,1.00174,1.37,1.00
2017.07.20 04:40:46.154,1.00155,1.00174,1.37,1.00
2017.07.20 04:40:46.987,1.00155,1.00174,1.12,1.00
2017.07.20 04:40:49.987,1.00155,1.00174,1.37,1.00
2017.07.20 04:40:50.852,1.00154,1.00174,2.25,1.00
2017.07.20 04:40:51.767,1.00154,1.00174,3.00,1.00
2017.07.20 04:40:52.810,1.00156,1.00174,1.00,1.00
2017.07.20 04:40:53.311,1.00154,1.00174,2.25,1.00
2017.07.20 04:40:53.912,1.00154,1.00174,3.00,1.00
2017.07.20 04:40:54.547,1.00154,1.00174,2.25,1.00
2017.07.20 04:40:55.088,1.00154,1.00174,2.25,1.00
2017.07.20 04:40:55.307,1.00153,1.00174,4.12,1.00
2017.07.20 04:40:56.532,1.00154,1.00174,2.25,1.00
2017.07.20 04:40:57.060,1.00154,1.00174,2.25,1.00
2017.07.20 04:40:57.692,1.00154,1.00174,2.25,1.00
2017.07.20 04:40:58.858,1.00154,1.00175,1.87,1.00
2017.07.20 04:40:59.360,1.00154,1.00174,4.50,1.00
2017.07.20 04:41:00.697,1.00154,1.00173,3.37,1.00
2017.07.20 04:41:01.961,1.00154,1.00174,3.37,1.00
2017.07.20 04:41:08.449,1.00154,1.00172,1.00,1.00
2017.07.20 04:41:11.426,1.00154,1.00173,1.00,1.00
2017.07.20 04:41:11.936,1.00154,1.00174,1.00,1.00
2017.07.20 04:41:12.531,1.00154,1.00174,1.37,1.00
2017.07.20 04:41:13.090,1.00154,1.00172,1.37,1.00
2017.07.20 04:41:13.141,1.00154,1.00174,1.12,1.00
2017.07.20 04:41:15.204,1.00154,1.00172,1.12,1.00
2017.07.20 04:41:18.935,1.00154,1.00174,2.62,1.00
2017.07.20 04:41:21.082,1.00154,1.00172,1.00,1.00
2017.07.20 04:41:21.284,1.00149,1.0017,1.50,1.12
2017.07.20 04:41:21.934,1.00151,1.00171,1.00,1.50
2017.07.20 04:41:24.331,1.0015,1.0017,1.00,1.12
2017.07.20 04:41:24.778,1.00148,1.00171,1.50,1.50
2017.07.20 04:41:28.122,1.00149,1.00171,1.00,1.50
2017.07.20 04:41:29.623,1.00148,1.00171,1.50,1.50
2017.07.20 04:41:30.125,1.00149,1.00169,1.00,1.00
2017.07.20 04:41:30.668,1.00148,1.00169,1.00,1.00
2017.07.20 04:41:33.083,1.00148,1.0017,1.00,1.12
2017.07.20 04:41:33.134,1.0015,1.00171,1.00,1.50
2017.07.20 04:41:36.090,1.00148,1.00168,1.87,1.00
2017.07.20 04:41:37.214,1.00148,1.00168,3.37,1.00
2017.07.20 04:41:37.518,1.00148,1.00165,1.00,1.00
2017.07.20 04:41:38.050,1.00149,1.00167,1.00,1.00
2017.07.20 04:41:39.834,1.00149,1.00171,1.00,1.50
2017.07.20 04:41:42.949,1.00149,1.00165,1.00,1.00
2017.07.20 04:41:43.474,1.00149,1.00166,1.00,1.00
2017.07.20 04:41:44.986,1.00148,1.00166,1.00,1.00
2017.07.20 04:41:45.490,1.00148,1.00164,1.00,1.00
2017.07.20 04:41:46.001,1.00148,1.00167,1.00,1.00
2017.07.20 04:41:46.565,1.00149,1.00166,1.00,1.00
2017.07.20 04:41:46.666,1.0015,1.0017,1.00,1.00
2017.07.20 04:41:49.615,1.00149,1.0017,1.00,1.00
2017.07.20 04:41:49.894,1.00154,1.00172,1.00,1.50
2017.07.20 04:41:50.525,1.00155,1.00174,1.00,1.75
2017.07.20 04:41:51.950,1.00154,1.00174,1.00,2.25
2017.07.20 04:41:52.507,1.00156,1.00174,1.00,1.75
2017.07.20 04:41:53.981,1.00155,1.00175,1.00,2.25
2017.07.20 04:41:55.066,1.00156,1.00174,1.00,1.75
2017.07.20 04:41:55.117,1.00153,1.00174,1.00,3.00
2017.07.20 04:41:55.321,1.00152,1.00171,1.00,2.25
2017.07.20 04:41:55.630,1.00151,1.00168,1.00,1.50
2017.07.20 04:41:56.041,1.00148,1.00168,1.00,1.50
2017.07.20 04:41:57.217,1.00147,1.00168,1.00,1.50
2017.07.20 04:41:57.420,1.00146,1.00164,1.00,1.00
2017.07.20 04:41:57.521,1.00142,1.00163,1.00,1.00
2017.07.20 04:41:57.572,1.00142,1.00158,1.00,1.00
2017.07.20 04:41:57.623,1.00139,1.00161,2.10,1.00
2017.07.20 04:41:57.674,1.00146,1.00161,1.00,1.00
2017.07.20 04:41:57.725,1.00146,1.00163,1.00,1.12
2017.07.20 04:41:57.776,1.00146,1.00165,1.00,3.37
2017.07.20 04:41:58.008,1.00145,1.00165,1.50,1.00
2017.07.20 04:42:00.599,1.00145,1.00166,1.00,1.00
2017.07.20 04:42:00.750,1.00145,1.00166,1.37,1.00
2017.07.20 04:42:01.069,1.00151,1.00171,1.00,1.12
2017.07.20 04:42:02.119,1.0015,1.00171,1.12,1.00
2017.07.20 04:42:02.222,1.00148,1.00171,1.12,1.12
2017.07.20 04:42:02.273,1.00156,1.00171,1.00,1.50
2017.07.20 04:42:02.324,1.00153,1.0017,1.00,1.00
2017.07.20 04:42:02.541,1.00152,1.00172,1.75,1.00
2017.07.20 04:42:02.642,1.00153,1.00172,1.00,1.00
2017.07.20 04:42:02.744,1.00153,1.0017,1.00,1.00
2017.07.20 04:42:02.946,1.0015,1.0017,2.25,1.00
2017.07.20 04:42:03.669,1.0015,1.0017,1.12,1.00
2017.07.20 04:42:06.029,1.00151,1.0017,1.00,1.00
2017.07.20 04:42:06.411,1.00149,1.00168,2.25,1.00
2017.07.20 04:42:07.660,1.00149,1.00167,1.50,1.00
2017.07.20 04:42:10.509,1.00148,1.00169,1.75,1.00
2017.07.20 04:42:12.008,1.00148,1.00168,2.62,1.00
2017.07.20 04:42:12.856,1.00148,1.00167,3.37,1.00
2017.07.20 04:42:13.663,1.00148,1.00166,2.62,1.00
2017.07.20 04:42:14.545,1.00148,1.00165,1.75,1.00
2017.07.20 04:42:14.647,1.00146,1.00165,1.12,1.00
2017.07.20 04:42:16.403,1.00146,1.00167,2.25,1.00
2017.07.20 04:42:17.535,1.00149,1.00167,1.00,1.00
2017.07.20 04:42:19.302,1.00146,1.00167,1.87,1.00
2017.07.20 04:42:19.805,1.00149,1.00169,1.00,1.50
2017.07.20 04:42:29.233,1.00149,1.00167,1.00,1.00
2017.07.20 04:42:29.284,1.00146,1.00167,1.87,1.00
2017.07.20 04:42:33.588,1.00149,1.00168,1.00,1.12
2017.07.20 04:42:33.892,1.0016,1.00175,1.00,1.12
2017.07.20 04:42:34.043,1.00158,1.00177,1.00,2.62
2017.07.20 04:42:34.585,1.00159,1.00177,1.00,2.25
2017.07.20 04:42:35.561,1.00157,1.00176,1.00,1.50
2017.07.20 04:42:36.039,1.00153,1.00176,1.00,2.25
2017.07.20 04:42:36.541,1.00154,1.00177,1.00,3.00
2017.07.20 04:42:36.642,1.00152,1.00176,1.00,1.50
2017.07.20 04:42:36.693,1.00151,1.00173,1.00,1.00
2017.07.20 04:42:39.080,1.00151,1.00171,1.00,1.00
2017.07.20 04:42:39.334,1.00146,1.00167,1.12,1.00
2017.07.20 04:42:39.822,1.00149,1.00167,1.00,1.00
2017.07.20 04:42:40.232,1.00149,1.00169,1.00,1.50
2017.07.20 04:42:40.334,1.00154,1.00174,1.00,3.37
2017.07.20 04:42:40.435,1.00154,1.00175,1.00,1.37
2017.07.20 04:42:40.616,1.00154,1.00175,1.50,1.00
2017.07.20 04:42:43.026,1.00154,1.0017,1.50,1.00
2017.07.20 04:42:43.128,1.00151,1.00172,1.37,1.00
2017.07.20 04:42:43.231,1.00152,1.00175,1.00,2.25
2017.07.20 04:42:43.980,1.00153,1.00175,1.50,2.25
2017.07.20 04:42:45.566,1.00152,1.00171,1.00,1.00
2017.07.20 04:42:45.668,1.0015,1.00171,1.12,1.00
2017.07.20 04:42:47.559,1.0015,1.00173,1.12,1.12
2017.07.20 04:42:47.610,1.00152,1.00172,1.00,1.00
2017.07.20 04:42:47.660,1.0015,1.00171,1.87,1.00
2017.07.20 04:42:47.995,1.00151,1.00173,1.00,1.12
2017.07.20 04:42:48.133,1.0015,1.0017,1.12,1.00
2017.07.20 04:42:48.461,1.00148,1.00168,1.87,1.00
2017.07.20 04:42:48.512,1.00148,1.00168,1.50,1.00
2017.07.20 04:42:54.347,1.00149,1.00168,1.00,1.00
2017.07.20 04:42:57.957,1.00148,1.00168,1.00,1.00
2017.07.20 04:42:58.058,1.00146,1.00166,1.50,1.00
2017.07.20 04:42:58.275,1.00145,1.00165,4.12,1.00
2017.07.20 04:42:58.611,1.00149,1.00165,1.00,1.00
2017.07.20 04:42:59.331,1.00149,1.00166,1.00,1.00
2017.07.20 04:43:02.359,1.0015,1.00171,1.00,1.50
2017.07.20 04:43:03.087,1.00149,1.00167,1.00,1.00
2017.07.20 04:43:07.166,1.00147,1.00167,1.50,1.00
2017.07.20 04:43:09.798,1.00146,1.00167,3.00,1.00
2017.07.20 04:43:13.900,1.00147,1.00167,1.00,1.00
2017.07.20 04:43:18.628,1.00147,1.00165,1.50,1.00
2017.07.20 04:43:18.968,1.00144,1.00163,1.00,1.00
2017.07.20 04:43:19.802,1.00144,1.00164,2.25,1.00
2017.07.20 04:43:20.411,1.00145,1.00163,1.00,1.00
2017.07.20 04:43:21.580,1.00145,1.00165,1.00,1.00
2017.07.20 04:43:22.102,1.00145,1.00165,1.50,1.00
2017.07.20 04:43:23.505,1.00145,1.00166,1.50,1.00
2017.07.20 04:43:27.119,1.00146,1.00167,1.12,1.00
2017.07.20 04:43:29.098,1.00145,1.00167,1.50,1.12
2017.07.20 04:43:29.994,1.00145,1.00167,1.87,1.00
2017.07.20 04:43:47.948,1.00147,1.00167,1.00,1.00
2017.07.20 04:43:51.255,1.0015,1.00169,1.00,1.00
2017.07.20 04:43:55.095,1.00154,1.00169,1.00,1.00
2017.07.20 04:43:58.667,1.00151,1.00169,1.00,1.87
2017.07.20 04:43:58.718,1.00149,1.00168,1.00,1.00
2017.07.20 04:43:58.769,1.00149,1.00169,1.00,1.75
2017.07.20 04:43:59.072,1.00151,1.00165,1.00,1.50
2017.07.20 04:44:02.741,1.00149,1.00165,1.00,1.50
2017.07.20 04:44:05.812,1.00149,1.00169,1.00,1.75
2017.07.20 04:44:06.509,1.00147,1.00169,1.00,2.25
2017.07.20 04:44:08.149,1.00145,1.00167,1.00,1.87
2017.07.20 04:44:08.769,1.00147,1.00166,1.00,1.12
2017.07.20 04:44:10.918,1.00148,1.00169,1.00,3.00
2017.07.20 04:44:11.645,1.00149,1.00168,1.00,1.50
2017.07.20 04:44:12.216,1.0015,1.00168,1.00,1.50
2017.07.20 04:44:19.400,1.00148,1.00168,1.00,1.50
2017.07.20 04:44:19.680,1.00147,1.00166,1.00,1.50
2017.07.20 04:44:20.134,1.00148,1.00168,1.00,1.50
2017.07.20 04:44:21.961,1.00145,1.00165,1.00,1.00
2017.07.20 04:44:27.559,1.00146,1.00168,1.00,1.50
2017.07.20 04:44:27.813,1.00146,1.00169,1.12,1.50
2017.07.20 04:44:29.800,1.00144,1.00165,1.75,1.00
2017.07.20 04:44:30.002,1.00141,1.00161,1.50,1.00
2017.07.20 04:44:30.553,1.0014,1.0016,1.00,1.00
2017.07.20 04:44:31.544,1.00138,1.00161,1.12,1.12
2017.07.20 04:44:35.173,1.00137,1.00159,1.87,1.00
2017.07.20 04:44:35.274,1.00139,1.00161,1.00,1.87
2017.07.20 04:44:35.325,1.00139,1.00159,1.00,1.00
2017.07.20 04:44:36.088,1.00137,1.0016,1.50,1.00
2017.07.20 04:44:36.391,1.00137,1.00158,1.00,1.50
2017.07.20 04:44:39.978,1.00138,1.00158,1.00,1.00
2017.07.20 04:44:40.233,1.00144,1.00165,1.00,1.87
2017.07.20 04:44:40.762,1.0014,1.00163,3.37,1.00
2017.07.20 04:44:41.248,1.0014,1.0016,2.25,1.00
2017.07.20 04:44:41.298,1.0014,1.00163,1.75,1.00
2017.07.20 04:44:41.947,1.00142,1.00162,1.00,1.00
2017.07.20 04:44:42.514,1.0014,1.00163,1.00,1.87
2017.07.20 04:44:42.717,1.00142,1.00162,1.00,1.00
2017.07.20 04:44:43.149,1.00142,1.00162,1.00,1.50
2017.07.20 04:44:44.260,1.00142,1.00162,1.00,1.00
2017.07.20 04:44:44.462,1.00143,1.00165,1.00,1.87
2017.07.20 04:44:48.023,1.0014,1.00162,1.87,1.00
2017.07.20 04:44:52.271,1.00137,1.00164,1.87,1.50
2017.07.20 04:44:52.322,1.00142,1.00162,1.00,1.12
2017.07.20 04:44:58.943,1.00141,1.00162,1.00,1.12
2017.07.20 04:44:59.466,1.00141,1.00161,1.00,1.12
2017.07.20 04:45:00.469,1.0014,1.00161,1.00,1.12
2017.07.20 04:45:00.808,1.00142,1.00161,1.00,1.12
2017.07.20 04:45:01.352,1.00138,1.00161,1.00,1.87
2017.07.20 04:45:01.851,1.00141,1.0016,1.00,1.00
2017.07.20 04:45:02.104,1.00142,1.00162,1.00,2.25
2017.07.20 04:45:03.498,1.00139,1.00161,1.00,1.00
2017.07.20 04:45:03.599,1.00142,1.00162,1.00,3.00
2017.07.20 04:45:04.204,1.00143,1.00162,1.00,1.00
2017.07.20 04:45:04.790,1.00141,1.00161,1.00,1.00
2017.07.20 04:45:08.954,1.00139,1.00161,1.00,1.00
2017.07.20 04:45:09.223,1.00141,1.00161,1.00,1.50
2017.07.20 04:45:09.521,1.00138,1.00161,1.50,1.50
2017.07.20 04:45:09.572,1.00138,1.00158,1.50,1.00
2017.07.20 04:45:14.590,1.00137,1.00156,1.50,1.00
2017.07.20 04:45:15.004,1.00137,1.00159,1.12,1.00
2017.07.20 04:45:15.193,1.00139,1.00159,1.00,1.00
2017.07.20 04:45:15.504,1.00141,1.00161,1.12,1.37
2017.07.20 04:45:15.555,1.00142,1.00162,1.12,1.00
2017.07.20 04:45:16.079,1.0014,1.00159,2.25,1.00
2017.07.20 04:45:16.242,1.0014,1.00159,1.12,1.00
2017.07.20 04:45:17.153,1.00139,1.00159,1.75,1.00
2017.07.20 04:45:18.655,1.00137,1.00156,1.37,1.00
2017.07.20 04:45:18.959,1.0014,1.00157,1.00,1.00
2017.07.20 04:45:19.010,1.00141,1.00161,1.00,1.00
2017.07.20 04:45:20.134,1.00142,1.00162,1.00,1.00
2017.07.20 04:45:20.336,1.0014,1.00162,1.12,1.50
2017.07.20 04:45:20.882,1.0014,1.0016,1.00,1.00
2017.07.20 04:45:21.422,1.00139,1.00156,1.00,1.00
2017.07.20 04:45:21.935,1.00137,1.00157,1.50,1.00
2017.07.20 04:45:23.537,1.00138,1.00158,1.12,1.00
2017.07.20 04:45:24.439,1.00138,1.00159,1.12,1.00
2017.07.20 04:45:25.063,1.00136,1.00157,1.75,1.00
2017.07.20 04:45:30.671,1.00138,1.00158,1.12,1.00
2017.07.20 04:45:31.049,1.00139,1.00159,1.50,1.00
2017.07.20 04:45:32.754,1.00138,1.00158,2.25,1.00
2017.07.20 04:45:46.517,1.00139,1.00159,1.50,1.00
2017.07.20 04:45:46.940,1.00141,1.00163,1.00,1.87
2017.07.20 04:45:47.473,1.00142,1.00163,1.00,1.12
2017.07.20 04:45:47.524,1.00145,1.00163,1.00,1.12
2017.07.20 04:45:47.575,1.00143,1.00163,1.00,1.12
2017.07.20 04:45:47.828,1.00141,1.00161,1.50,1.00
2017.07.20 04:45:48.548,1.00141,1.00161,1.00,1.00
2017.07.20 04:45:50.073,1.00142,1.00162,1.00,1.00
2017.07.20 04:45:50.377,1.0014,1.0016,1.12,1.00
2017.07.20 04:45:51.931,1.00138,1.00161,5.62,1.00
2017.07.20 04:45:52.300,1.00138,1.00158,4.50,1.00
2017.07.20 04:45:52.812,1.00138,1.0016,4.50,1.00
2017.07.20 04:45:52.913,1.00142,1.00162,1.00,1.12
2017.07.20 04:45:53.500,1.00142,1.00161,1.00,1.00
2017.07.20 04:45:54.006,1.00142,1.0016,1.00,1.00
2017.07.20 04:45:54.107,1.00139,1.00159,1.87,1.00
2017.07.20 04:45:56.856,1.00142,1.00162,1.00,1.00
2017.07.20 04:45:56.957,1.0014,1.00162,1.12,1.00
2017.07.20 04:45:57.008,1.0014,1.00162,1.75,1.00
2017.07.20 04:45:59.757,1.00141,1.00161,1.50,1.00
2017.07.20 04:46:00.140,1.0014,1.00158,1.75,1.00
2017.07.20 04:46:00.789,1.0014,1.00159,1.75,1.00
2017.07.20 04:46:06.094,1.00141,1.00158,1.50,1.00
2017.07.20 04:46:12.521,1.00141,1.00158,1.00,1.00
2017.07.20 04:46:13.063,1.00139,1.00159,3.00,1.00
2017.07.20 04:46:14.657,1.00139,1.00159,1.37,1.00
2017.07.20 04:46:16.467,1.00139,1.00157,1.50,1.00
2017.07.20 04:46:16.971,1.00139,1.00158,1.50,1.00
2017.07.20 04:46:21.416,1.0014,1.00157,1.00,1.00
2017.07.20 04:46:21.919,1.0014,1.00158,1.00,1.00
2017.07.20 04:46:23.015,1.0014,1.00159,1.00,1.00
2017.07.20 04:46:26.014,1.00142,1.00161,1.50,1.00
2017.07.20 04:46:26.115,1.00141,1.00163,3.75,1.00
2017.07.20 04:46:26.285,1.00142,1.00163,2.25,1.00
2017.07.20 04:46:35.698,1.00146,1.00166,1.00,1.12
2017.07.20 04:46:36.011,1.00147,1.00166,1.50,1.00
2017.07.20 04:46:42.373,1.00146,1.00166,1.75,1.00
2017.07.20 04:46:43.298,1.00147,1.00165,1.12,1.00
2017.07.20 04:46:52.897,1.00145,1.00164,3.37,1.00
2017.07.20 04:46:56.094,1.00145,1.0017,2.62,1.00
2017.07.20 04:46:56.144,1.00145,1.00165,2.62,1.00
2017.07.20 04:46:58.049,1.00146,1.00165,1.00,1.00
2017.07.20 04:47:13.022,1.00145,1.00165,2.62,1.00
2017.07.20 04:47:18.059,1.00147,1.00164,1.00,1.00
2017.07.20 04:47:18.160,1.00142,1.00161,1.75,1.00
2017.07.20 04:47:18.262,1.00141,1.00161,3.37,1.00
2017.07.20 04:47:24.787,1.00141,1.00163,1.37,1.00
2017.07.20 04:47:25.563,1.00141,1.00163,1.12,1.00
2017.07.20 04:47:25.664,1.00141,1.00163,1.75,1.00
2017.07.20 04:47:30.467,1.00146,1.00165,1.00,1.00
2017.07.20 04:47:30.619,1.00143,1.00164,1.50,1.00
2017.07.20 04:47:36.543,1.00145,1.00164,1.00,1.00
2017.07.20 04:47:37.920,1.00145,1.00162,1.50,1.00
2017.07.20 04:47:38.737,1.00144,1.00162,1.50,1.00
2017.07.20 04:47:45.515,1.00145,1.00162,1.00,1.00
2017.07.20 04:47:46.506,1.00145,1.00163,1.00,1.00
2017.07.20 04:47:55.926,1.00145,1.00162,1.00,1.00
2017.07.20 04:47:56.518,1.00142,1.0016,1.87,1.00
2017.07.20 04:47:56.720,1.0014,1.0016,1.50,1.00
2017.07.20 04:47:57.248,1.00139,1.00158,3.00,1.00
2017.07.20 04:47:58.049,1.00139,1.00157,3.00,1.00
2017.07.20 04:48:00.169,1.00139,1.00156,2.25,1.00
2017.07.20 04:48:00.482,1.00141,1.0016,1.00,1.00
2017.07.20 04:48:00.735,1.00142,1.0016,1.75,1.00
2017.07.20 04:48:09.648,1.00142,1.0016,1.50,1.00
2017.07.20 04:48:10.330,1.00142,1.0016,1.50,1.00
2017.07.20 04:48:11.244,1.00143,1.00161,1.12,1.00
2017.07.20 04:48:13.070,1.00143,1.00161,1.37,1.00
2017.07.20 04:48:13.579,1.00145,1.00162,1.12,1.00
2017.07.20 04:48:15.837,1.00145,1.00161,1.00,1.00
2017.07.20 04:48:16.120,1.00143,1.0016,1.00,1.00
2017.07.20 04:48:19.368,1.00143,1.00161,1.50,1.00
2017.07.20 04:48:19.521,1.00145,1.00161,1.00,1.00
2017.07.20 04:48:19.572,1.00144,1.00163,1.12,1.00
2017.07.20 04:48:20.271,1.00144,1.00163,1.87,1.00
2017.07.20 04:48:20.840,1.00144,1.00163,1.87,1.00
2017.07.20 04:48:23.022,1.00146,1.00163,1.00,1.00
2017.07.20 04:48:23.922,1.00145,1.00163,1.00,1.00
2017.07.20 04:48:25.753,1.00146,1.00163,1.00,1.00
2017.07.20 04:48:26.577,1.00145,1.00163,1.12,1.00
2017.07.20 04:48:27.137,1.00144,1.00163,2.62,1.00
2017.07.20 04:48:27.290,1.00143,1.00161,1.00,1.00
2017.07.20 04:48:27.341,1.00143,1.00158,1.00,1.00
2017.07.20 04:48:28.426,1.00143,1.00159,1.00,1.00
2017.07.20 04:48:28.730,1.0014,1.00158,1.37,1.00
2017.07.20 04:48:28.932,1.00141,1.00158,1.75,1.00
2017.07.20 04:48:30.802,1.0014,1.00158,1.50,1.00
2017.07.20 04:48:31.945,1.00141,1.0016,2.25,1.00
2017.07.20 04:48:32.046,1.00145,1.00163,1.50,1.00
2017.07.20 04:48:32.097,1.00145,1.00166,1.50,1.00
2017.07.20 04:48:32.148,1.00146,1.00166,2.47,1.00
2017.07.20 04:48:32.452,1.00149,1.00166,1.00,1.00
2017.07.20 04:48:32.981,1.00149,1.00167,1.00,1.00
2017.07.20 04:48:33.444,1.0015,1.00168,1.37,1.00
2017.07.20 04:48:42.513,1.00151,1.0017,1.00,1.00
2017.07.20 04:48:42.565,1.00152,1.00172,1.00,1.00
2017.07.20 04:48:42.616,1.00154,1.00172,1.00,1.00
2017.07.20 04:48:42.666,1.00154,1.00174,1.00,1.00
2017.07.20 04:48:42.768,1.00154,1.00175,3.37,1.00
2017.07.20 04:48:43.071,1.00155,1.00174,2.25,1.00
2017.07.20 04:48:43.274,1.00154,1.00174,2.62,1.00
2017.07.20 04:48:45.289,1.00153,1.00172,2.25,1.00
2017.07.20 04:48:45.543,1.00146,1.00165,2.25,1.00
2017.07.20 04:48:45.791,1.00146,1.00168,3.00,1.00
2017.07.20 04:48:46.127,1.00147,1.00166,1.87,1.00
2017.07.20 04:48:46.632,1.00147,1.00166,1.87,1.00
2017.07.20 04:48:47.177,1.00147,1.00163,1.50,1.00
2017.07.20 04:48:47.479,1.00144,1.00161,1.75,1.00
2017.07.20 04:48:49.672,1.00144,1.00161,1.12,1.00
2017.07.20 04:48:50.200,1.00145,1.00161,1.00,1.00
2017.07.20 04:48:52.341,1.00144,1.00161,1.12,1.00
2017.07.20 04:48:54.072,1.00145,1.00161,1.00,1.00
2017.07.20 04:48:54.578,1.00144,1.00161,1.12,1.00
2017.07.20 04:48:54.858,1.00144,1.00163,1.12,1.00
2017.07.20 04:48:55.466,1.00145,1.00163,1.00,1.00
2017.07.20 04:48:56.492,1.00143,1.0016,1.87,1.00
2017.07.20 04:48:56.840,1.00141,1.00157,1.75,1.00
2017.07.20 04:48:57.247,1.00142,1.00155,1.50,1.00
2017.07.20 04:48:57.348,1.00142,1.00157,1.50,1.00
2017.07.20 04:48:57.995,1.00139,1.00157,3.00,1.00
2017.07.20 04:48:58.404,1.00139,1.00155,1.75,1.00
2017.07.20 04:48:58.454,1.00139,1.00158,1.75,1.00
2017.07.20 04:48:58.675,1.00141,1.0016,1.12,1.00
2017.07.20 04:48:58.776,1.00142,1.00163,1.00,1.00
2017.07.20 04:48:58.827,1.00142,1.00161,1.37,1.00
2017.07.20 04:48:59.364,1.00143,1.00161,1.37,1.00
2017.07.20 04:48:59.668,1.0014,1.0016,1.12,1.00
2017.07.20 04:48:59.769,1.0014,1.00158,1.87,1.00
2017.07.20 04:48:59.871,1.0014,1.0016,2.62,1.00
2017.07.20 04:48:59.922,1.00141,1.00158,1.00,1.00
2017.07.20 04:49:00.395,1.00143,1.00159,1.00,1.00
2017.07.20 04:49:01.024,1.00143,1.00161,1.00,1.00
2017.07.20 04:49:01.277,1.00143,1.00159,2.25,1.00
2017.07.20 04:49:01.581,1.00143,1.00161,2.25,1.00
2017.07.20 04:49:02.281,1.00143,1.00162,2.25,1.00
2017.07.20 04:49:02.382,1.00143,1.00162,1.75,1.00
2017.07.20 04:49:03.063,1.00143,1.00162,2.62,1.00
2017.07.20 04:49:03.671,1.00143,1.00162,2.62,1.00
2017.07.20 04:49:03.879,1.00143,1.00162,1.87,1.00
2017.07.20 04:49:04.074,1.00143,1.00163,2.62,1.00
2017.07.20 04:49:04.835,1.00143,1.00163,2.62,1.00
2017.07.20 04:49:05.449,1.00143,1.00162,1.37,1.00
2017.07.20 04:49:06.188,1.00143,1.00161,1.87,1.00
2017.07.20 04:49:06.289,1.00143,1.00163,1.87,1.00
2017.07.20 04:49:06.492,1.00143,1.00161,2.25,1.00
2017.07.20 04:49:06.795,1.00143,1.00159,1.00,1.00
2017.07.20 04:49:07.302,1.00143,1.0016,1.12,1.00
2017.07.20 04:49:07.854,1.00139,1.00157,2.25,1.00
2017.07.20 04:49:08.696,1.00139,1.00158,2.25,1.00
2017.07.20 04:49:08.797,1.00145,1.00165,1.00,2.25
2017.07.20 04:49:08.949,1.00145,1.00166,1.00,1.00
2017.07.20 04:49:09.000,1.00145,1.00167,2.62,1.00
2017.07.20 04:49:09.322,1.00146,1.00162,1.75,1.00
2017.07.20 04:49:09.373,1.00145,1.00164,1.37,1.00
2017.07.20 04:49:09.424,1.00145,1.00163,1.00,1.00
2017.07.20 04:49:09.475,1.00145,1.00166,1.87,1.00
2017.07.20 04:49:09.728,1.00146,1.00167,1.87,1.00
2017.07.20 04:49:10.235,1.00147,1.00166,2.25,1.00
2017.07.20 04:49:12.255,1.0015,1.00169,1.00,1.00
2017.07.20 04:49:13.361,1.0015,1.0017,1.00,1.00
2017.07.20 04:49:13.534,1.00153,1.00174,1.00,1.37
2017.07.20 04:49:13.837,1.00155,1.00174,1.00,1.00
2017.07.20 04:49:16.355,1.00156,1.00175,1.00,1.00
2017.07.20 04:49:19.102,1.00156,1.00176,1.00,1.12
2017.07.20 04:49:20.403,1.00156,1.00175,1.00,1.00
2017.07.20 04:49:22.070,1.00157,1.00177,1.00,1.50
2017.07.20 04:49:22.424,1.00158,1.00178,1.00,1.12
2017.07.20 04:49:23.769,1.00158,1.00177,1.00,1.00
2017.07.20 04:49:23.820,1.00156,1.00178,1.00,1.87
2017.07.20 04:49:23.972,1.00156,1.00176,1.00,1.12
2017.07.20 04:49:24.276,1.00154,1.00174,1.00,1.00
2017.07.20 04:49:24.600,1.00156,1.00174,1.00,1.00
2017.07.20 04:49:44.217,1.00154,1.00174,1.87,1.00
2017.07.20 04:49:45.147,1.00154,1.00174,1.87,1.00
2017.07.20 04:49:45.808,1.00155,1.00175,1.37,1.00
2017.07.20 04:49:50.576,1.00155,1.00175,1.12,1.00
2017.07.20 04:49:52.073,1.00154,1.00173,2.25,1.00
2017.07.20 04:49:52.427,1.00152,1.00172,1.00,1.00
2017.07.20 04:49:52.630,1.0015,1.00171,1.87,1.00
2017.07.20 04:49:53.062,1.00152,1.00171,1.00,1.00
2017.07.20 04:50:00.984,1.00152,1.00172,1.00,1.12
2017.07.20 04:50:01.505,1.00151,1.00176,1.00,3.37
2017.07.20 04:50:03.186,1.00151,1.00171,1.00,1.00
2017.07.20 04:50:03.975,1.0015,1.00171,1.87,1.00
2017.07.20 04:50:05.190,1.0015,1.00171,1.87,1.00
2017.07.20 04:50:06.615,1.0015,1.00171,1.87,1.00
2017.07.20 04:50:09.085,1.00151,1.00172,1.00,1.00
2017.07.20 04:50:09.632,1.0015,1.00171,2.25,1.00
2017.07.20 04:50:10.558,1.0015,1.0017,1.12,1.00
2017.07.20 04:50:10.760,1.00154,1.00176,1.12,1.00
2017.07.20 04:50:11.288,1.00155,1.00176,1.12,1.00
2017.07.20 04:50:11.839,1.00156,1.00176,1.00,1.00
2017.07.20 04:50:12.610,1.00155,1.00176,1.00,1.00
2017.07.20 04:50:22.613,1.00155,1.00175,1.50,1.00
2017.07.20 04:50:25.232,1.00155,1.00173,1.00,1.00
2017.07.20 04:50:25.282,1.00155,1.00175,1.00,1.00
2017.07.20 04:50:26.078,1.00154,1.00175,3.37,1.00
2017.07.20 04:50:37.152,1.00156,1.00174,1.12,1.00
2017.07.20 04:50:40.841,1.00156,1.00172,1.00,1.00
2017.07.20 04:50:41.385,1.00154,1.00171,2.25,1.00
2017.07.20 04:50:42.021,1.00154,1.00173,2.62,1.00
2017.07.20 04:50:42.566,1.00156,1.00173,1.50,1.00
2017.07.20 04:50:45.055,1.00156,1.00172,1.00,1.00
2017.07.20 04:50:45.257,1.00152,1.00171,1.50,1.00
2017.07.20 04:50:45.780,1.00152,1.0017,2.25,1.00
2017.07.20 04:50:47.774,1.00152,1.00171,1.12,1.00
2017.07.20 04:50:47.876,1.00153,1.00174,1.12,1.00
2017.07.20 04:50:48.208,1.00154,1.00175,1.50,1.00
2017.07.20 04:50:53.869,1.00155,1.00173,1.12,1.00
2017.07.20 04:51:04.641,1.00156,1.00173,1.00,1.00
2017.07.20 04:51:14.300,1.00155,1.00174,1.12,1.00
2017.07.20 04:51:18.688,1.00163,1.0018,1.00,1.50
2017.07.20 04:51:37.001,1.00161,1.00182,1.00,2.25
2017.07.20 04:51:39.079,1.0016,1.00181,1.00,3.00
2017.07.20 04:51:39.601,1.0016,1.00178,1.00,1.75
2017.07.20 04:51:43.874,1.00159,1.00178,1.00,1.75
