2010.03.28 21:01:36.193,0.9279,0.9292,2.40,2.40
2010.03.28 21:01:55.550,0.9277,0.929,2.40,2.40
2010.03.28 21:02:03.369,0.9281,0.9294,2.40,2.40
2010.03.28 21:02:03.725,0.9279,0.9292,2.40,2.40
2010.03.28 21:02:22.377,0.9278,0.9291,2.40,2.40
2010.03.28 21:04:23.951,0.9279,0.9292,2.40,2.40
2010.03.28 21:04:34.532,0.928,0.9293,2.40,2.40
2010.03.28 21:04:35.209,0.9279,0.9292,2.40,2.40
2010.03.28 21:04:40.949,0.9278,0.9291,2.40,2.40
2010.03.28 21:04:47.066,0.9279,0.9292,2.40,2.40
2010.03.28 21:05:01.214,0.928,0.9293,2.40,2.40
2010.03.28 21:05:07.291,0.9278,0.9291,2.40,2.40
2010.03.28 21:05:17.118,0.9272,0.9289,2.40,2.40
2010.03.28 21:05:23.917,0.9272,0.9292,2.40,2.40
2010.03.28 21:06:21.296,0.9268,0.9282,2.40,2.40
2010.03.28 21:06:22.063,0.9272,0.9292,2.40,2.40
2010.03.28 21:06:56.804,0.9275,0.9292,2.40,2.40
2010.03.28 21:07:08.291,0.928,0.9293,2.40,2.40
2010.03.28 21:07:11.351,0.9275,0.9292,2.40,2.40
2010.03.28 21:07:19.459,0.928,0.9293,2.40,2.40
2010.03.28 21:07:19.801,0.9275,0.9292,2.40,2.40
2010.03.28 21:07:30.527,0.928,0.9293,2.40,2.40
2010.03.28 21:07:30.866,0.9275,0.9292,2.40,2.40
2010.03.28 21:07:39.235,0.9279,0.9293,2.40,2.40
2010.03.28 21:08:07.157,0.9275,0.929,2.40,2.40
2010.03.28 21:08:11.726,0.9276,0.929,2.40,2.40
2010.03.28 21:08:16.589,0.9275,0.929,2.40,2.40
2010.03.28 21:08:17.827,0.9277,0.929,2.40,2.40
2010.03.28 21:10:07.919,0.9278,0.9291,2.40,2.40
2010.03.28 21:10:08.129,0.9277,0.929,2.40,2.40
2010.03.28 21:10:12.847,0.9278,0.9291,2.40,2.40
2010.03.28 21:10:12.988,0.9277,0.929,2.40,2.40
2010.03.28 21:10:15.208,0.9278,0.9291,2.40,2.40
2010.03.28 21:10:38.411,0.9274,0.9287,2.40,2.40
2010.03.28 21:11:04.663,0.9273,0.9287,2.40,2.40
2010.03.28 21:11:04.967,0.9271,0.9285,2.40,2.40
2010.03.28 21:11:13.483,0.9272,0.9286,2.40,2.40
2010.03.28 21:11:17.383,0.9273,0.9287,2.40,2.40
2010.03.28 21:11:34.577,0.9272,0.9286,2.40,2.40
2010.03.28 21:12:24.276,0.9273,0.9287,2.40,2.40
2010.03.28 21:12:24.865,0.9273,0.9286,2.40,2.40
2010.03.28 21:12:31.427,0.9273,0.9287,2.40,2.40
2010.03.28 21:12:34.833,0.9274,0.9288,2.40,2.40
2010.03.28 21:12:38.202,0.9272,0.9285,2.40,2.40
2010.03.28 21:12:39.362,0.9273,0.9287,2.40,2.40
2010.03.28 21:12:42.281,0.9273,0.9286,2.40,2.40
2010.03.28 21:12:43.211,0.9273,0.9287,2.40,2.40
2010.03.28 21:12:47.120,0.9274,0.9287,2.40,2.40
2010.03.28 21:13:19.082,0.9274,0.9288,2.40,2.40
2010.03.28 21:13:25.383,0.9274,0.9287,2.40,2.40
2010.03.28 21:13:26.292,0.9275,0.9288,2.40,2.40
2010.03.28 21:13:57.743,0.9277,0.9291,2.40,2.40
2010.03.28 21:13:58.733,0.9276,0.929,2.40,2.40
2010.03.28 21:14:04.832,0.9274,0.9287,2.40,2.40
2010.03.28 21:15:14.535,0.9275,0.9289,2.40,2.40
2010.03.28 21:15:15.576,0.9275,0.929,2.40,2.40
2010.03.28 21:15:53.426,0.9274,0.9287,2.40,2.40
2010.03.28 21:15:58.894,0.9275,0.9288,2.40,2.40
2010.03.28 21:16:04.802,0.9274,0.9287,2.40,2.40
2010.03.28 21:16:46.262,0.9275,0.929,2.40,2.40
2010.03.28 21:16:47.802,0.9273,0.9287,2.40,2.40
2010.03.28 21:17:01.230,0.9274,0.9288,2.40,2.40
2010.03.28 21:18:34.237,0.9273,0.9287,2.40,2.40
2010.03.28 21:19:31.503,0.9275,0.929,2.40,2.40
2010.03.28 21:19:39.922,0.9276,0.929,2.40,2.40
2010.03.28 21:21:13.859,0.9275,0.9289,2.40,2.40
2010.03.28 21:23:39.523,0.9276,0.929,2.40,2.40
2010.03.28 21:23:52.870,0.9276,0.9289,2.40,2.40
2010.03.28 21:24:17.166,0.9275,0.9289,2.40,2.40
2010.03.28 21:24:29.731,0.9276,0.9289,2.40,2.40
2010.03.28 21:24:58.564,0.9274,0.9288,2.40,2.40
2010.03.28 21:26:36.362,0.9276,0.929,2.40,2.40
2010.03.28 21:27:10.593,0.9275,0.9289,2.40,2.40
2010.03.28 21:28:24.165,0.9275,0.9288,2.40,2.40
2010.03.28 21:28:36.192,0.9275,0.9289,2.40,2.40
2010.03.28 21:30:11.592,0.9278,0.9291,2.40,2.40
2010.03.28 21:30:19.419,0.9277,0.9291,2.40,2.40
2010.03.28 21:30:20.439,0.9275,0.9289,2.40,2.40
2010.03.28 21:30:50.892,0.9271,0.9284,2.40,2.40
2010.03.28 21:31:15.924,0.9272,0.9285,2.40,2.40
2010.03.28 21:31:43.558,0.9271,0.9284,2.40,2.40
2010.03.28 21:32:13.550,0.9265,0.9285,3.20,2.40
2010.03.28 21:32:19.001,0.9272,0.9286,2.40,2.40
2010.03.28 21:32:20.429,0.9273,0.9286,2.40,2.40
2010.03.28 21:32:22.352,0.9272,0.9286,2.40,2.40
2010.03.28 21:32:22.759,0.9273,0.9286,2.40,2.40
2010.03.28 21:32:30.006,0.9271,0.9285,2.40,2.40
2010.03.28 21:32:30.596,0.9272,0.9286,2.40,2.40
2010.03.28 21:32:47.945,0.9272,0.9285,2.40,2.40
2010.03.28 21:34:08.831,0.9271,0.9284,2.40,2.40
2010.03.28 21:35:21.614,0.927,0.9283,2.40,2.40
2010.03.28 21:35:40.770,0.9271,0.9284,2.40,2.40
2010.03.28 21:35:42.701,0.9272,0.9286,2.40,2.40
2010.03.28 21:35:43.041,0.9271,0.9284,2.40,2.40
2010.03.28 21:36:04.966,0.9272,0.9286,2.40,2.40
2010.03.28 21:36:41.997,0.9269,0.9283,2.40,2.40
2010.03.28 21:36:44.606,0.9271,0.9285,2.40,2.40
2010.03.28 21:38:30.180,0.927,0.9284,2.40,2.40
2010.03.28 21:38:38.169,0.9271,0.9285,2.40,2.40
2010.03.28 21:38:45.951,0.92775,0.9285,1.00,2.40
2010.03.28 21:38:53.655,0.92775,0.9286,1.00,2.40
2010.03.28 21:38:53.874,0.92775,0.9285,1.00,2.40
2010.03.28 21:38:55.654,0.92775,0.9286,1.00,2.40
2010.03.28 21:38:56.314,0.92775,0.9285,1.00,2.40
2010.03.28 21:39:30.637,0.92775,0.9284,1.00,2.40
2010.03.28 21:39:49.582,0.92775,0.9285,1.00,2.40
2010.03.28 21:39:49.811,0.92775,0.9284,1.00,2.40
2010.03.28 21:42:00.136,0.92775,0.9283,1.00,2.40
2010.03.28 21:42:02.059,0.92775,0.9282,1.00,2.40
2010.03.28 21:42:43.110,0.92775,0.9281,1.00,2.40
2010.03.28 21:43:13.380,0.9266,0.9279,2.40,2.40
2010.03.28 21:43:13.672,0.9268,0.9281,2.40,2.40
2010.03.28 21:43:22.880,0.9267,0.9281,2.40,2.40
2010.03.28 21:43:31.690,0.9268,0.9281,2.40,2.40
2010.03.28 21:43:46.095,0.9266,0.9279,2.40,2.40
2010.03.28 21:45:45.705,0.9265,0.9279,2.40,2.40
2010.03.28 21:46:09.290,0.9264,0.9278,2.40,2.40
2010.03.28 21:46:36.613,0.9265,0.9279,2.40,2.40
2010.03.28 21:47:59.483,0.9266,0.928,2.40,2.40
2010.03.28 21:48:51.340,0.9265,0.9279,2.40,2.40
2010.03.28 21:49:46.628,0.9267,0.9281,2.40,2.40
2010.03.28 21:49:48.377,0.9266,0.928,2.40,2.40
2010.03.28 21:49:57.155,0.9267,0.9281,2.40,2.40
2010.03.28 21:51:11.349,0.9268,0.9281,2.40,2.40
2010.03.28 21:52:02.796,0.9267,0.928,2.40,2.40
2010.03.28 21:52:15.121,0.9267,0.9281,2.40,2.40
2010.03.28 21:52:48.196,0.9267,0.928,2.40,2.40
2010.03.28 21:55:57.299,0.9266,0.928,2.40,2.40
2010.03.28 21:56:13.184,0.9267,0.928,2.40,2.40
2010.03.28 21:56:52.308,0.9264,0.9277,2.40,2.40
2010.03.28 21:56:55.786,0.9266,0.9279,2.40,2.40
2010.03.28 21:57:13.211,0.9265,0.9278,2.40,2.40
2010.03.28 21:57:46.372,0.9265,0.9279,2.40,2.40
2010.03.28 21:58:01.199,0.9266,0.928,2.40,2.40
2010.03.28 21:58:11.622,0.9265,0.9279,2.40,2.40
2010.03.28 21:58:27.352,0.9265,0.9278,2.40,2.40
2010.03.28 21:58:36.540,0.9266,0.9278,1.00,2.40
2010.03.28 21:59:00.825,0.92665,0.9279,1.00,2.40
2010.03.28 21:59:41.105,0.9266,0.928,3.20,2.40
2010.03.28 21:59:41.225,0.92675,0.928,1.00,2.40
2010.03.28 21:59:55.401,0.92665,0.9279,1.00,2.40
