2011.07.11 12:00:00.686,1.03415,1.03457,3.38,1.35
2011.07.11 12:00:00.788,1.03415,1.03461,4.72,4.50
2011.07.11 12:00:01.447,1.03417,1.03462,1.35,3.98
2011.07.11 12:00:01.558,1.03415,1.03461,1.73,3.75
2011.07.11 12:00:02.142,1.03414,1.03459,2.10,1.73
2011.07.11 12:00:02.260,1.03414,1.03459,1.50,1.13
2011.07.11 12:00:02.767,1.03413,1.03458,1.50,2.63
2011.07.11 12:00:02.986,1.03413,1.03457,2.10,2.63
2011.07.11 12:00:03.319,1.03407,1.03448,1.35,2.63
2011.07.11 12:00:03.428,1.03405,1.03448,1.13,2.25
2011.07.11 12:00:03.538,1.03404,1.03447,1.88,2.25
2011.07.11 12:00:03.649,1.03407,1.03447,2.10,3.75
2011.07.11 12:00:03.869,1.03407,1.03451,2.85,2.63
2011.07.11 12:00:03.978,1.03407,1.03449,1.35,2.85
2011.07.11 12:00:05.350,1.03408,1.03451,3.23,2.10
2011.07.11 12:00:05.457,1.03407,1.03451,3.45,2.10
2011.07.11 12:00:05.567,1.03407,1.03452,4.95,1.88
2011.07.11 12:00:05.677,1.03406,1.03451,3.00,1.88
2011.07.11 12:00:06.007,1.03406,1.03447,1.35,3.38
2011.07.11 12:00:06.446,1.03405,1.03447,2.10,3.38
2011.07.11 12:00:06.667,1.03409,1.03451,2.48,1.52
2011.07.11 12:00:07.216,1.03411,1.03451,3.23,1.50
2011.07.11 12:00:08.111,1.03411,1.03451,3.23,2.10
2011.07.11 12:00:08.336,1.03411,1.03451,3.60,5.10
2011.07.11 12:00:09.003,1.03411,1.03451,1.35,2.12
2011.07.11 12:00:09.229,1.0341,1.03451,1.13,6.00
2011.07.11 12:00:09.559,1.03407,1.03446,1.35,2.63
2011.07.11 12:00:09.669,1.03407,1.03446,1.35,3.38
2011.07.11 12:00:11.595,1.03402,1.03446,1.35,5.63
2011.07.11 12:00:12.562,1.03401,1.03446,1.35,4.88
2011.07.11 12:00:13.538,1.03401,1.03446,1.35,5.63
2011.07.11 12:00:14.875,1.03406,1.03446,1.35,4.88
2011.07.11 12:00:15.513,1.03402,1.03446,1.35,5.63
2011.07.11 12:00:15.626,1.03407,1.03446,1.35,4.88
2011.07.11 12:00:16.537,1.03407,1.03444,1.35,2.25
2011.07.11 12:00:17.063,1.03402,1.03444,1.35,3.00
2011.07.11 12:00:17.717,1.03407,1.03444,1.35,2.25
2011.07.11 12:00:18.371,1.03402,1.03444,1.35,3.00
2011.07.11 12:00:21.298,1.03402,1.03441,1.35,1.50
2011.07.11 12:00:21.519,1.03401,1.03441,2.85,1.50
2011.07.11 12:00:21.958,1.03406,1.03442,1.35,2.10
2011.07.11 12:00:22.069,1.03407,1.03446,5.33,2.25
2011.07.11 12:00:22.289,1.03407,1.03449,2.10,3.98
2011.07.11 12:00:22.397,1.03404,1.03449,2.85,3.98
2011.07.11 12:00:23.638,1.03409,1.03449,2.63,1.35
2011.07.11 12:00:23.748,1.03409,1.03451,3.23,1.35
2011.07.11 12:00:24.126,1.03409,1.03433,2.63,2.10
2011.07.11 12:00:24.237,1.03408,1.03433,2.25,4.20
2011.07.11 12:00:24.347,1.03395,1.03433,3.00,4.20
2011.07.11 12:00:24.456,1.03395,1.03433,2.25,4.95
2011.07.11 12:00:24.786,1.03394,1.03431,2.25,2.85
2011.07.11 12:00:25.008,1.03399,1.03434,2.10,2.25
2011.07.11 12:00:25.119,1.03399,1.03437,2.10,2.10
2011.07.11 12:00:26.125,1.034,1.03441,2.85,1.52
2011.07.11 12:00:26.677,1.034,1.03442,2.85,2.85
2011.07.11 12:00:27.046,1.034,1.03441,2.25,2.48
2011.07.11 12:00:27.156,1.03397,1.03441,1.35,4.73
2011.07.11 12:00:27.267,1.034,1.03441,2.10,3.75
2011.07.11 12:00:28.147,1.03405,1.03441,2.10,1.50
2011.07.11 12:00:28.476,1.03405,1.03436,2.10,1.44
2011.07.11 12:00:29.129,1.03404,1.03436,3.23,1.97
2011.07.11 12:00:30.268,1.03399,1.03436,1.35,2.57
2011.07.11 12:00:30.706,1.03399,1.03436,2.48,2.57
2011.07.11 12:00:30.816,1.03399,1.03436,6.23,1.97
2011.07.11 12:00:32.457,1.03398,1.03436,6.08,1.97
2011.07.11 12:00:33.006,1.034,1.03436,1.35,1.97
2011.07.11 12:00:33.228,1.03398,1.03434,2.25,1.62
2011.07.11 12:00:33.336,1.03395,1.03434,2.63,1.62
2011.07.11 12:00:33.446,1.03395,1.03434,3.23,1.02
2011.07.11 12:00:34.524,1.03395,1.03438,3.60,1.35
2011.07.11 12:00:35.446,1.03395,1.03438,2.85,2.10
2011.07.11 12:00:35.558,1.03394,1.03432,1.35,2.70
2011.07.11 12:00:37.247,1.03389,1.03433,4.50,3.23
2011.07.11 12:00:37.357,1.03389,1.03432,3.75,3.08
2011.07.11 12:00:37.997,1.03387,1.03431,3.60,3.23
2011.07.11 12:00:39.215,1.03387,1.03428,3.98,1.35
2011.07.11 12:00:39.546,1.03393,1.03433,2.25,1.35
2011.07.11 12:00:39.877,1.03395,1.03432,3.23,1.35
2011.07.11 12:00:39.986,1.03395,1.03429,2.25,1.35
2011.07.11 12:00:41.309,1.03394,1.03433,2.25,2.10
2011.07.11 12:00:41.547,1.03391,1.03433,1.35,3.23
2011.07.11 12:00:41.657,1.03388,1.03432,3.75,2.48
2011.07.11 12:00:42.373,1.03389,1.03432,1.50,2.48
2011.07.11 12:00:43.350,1.03389,1.03432,2.25,2.48
2011.07.11 12:00:43.577,1.03392,1.03433,3.00,3.45
2011.07.11 12:00:44.038,1.03392,1.03435,5.48,1.35
2011.07.11 12:00:44.586,1.03393,1.03435,2.10,1.73
2011.07.11 12:00:44.917,1.03393,1.03435,2.10,3.98
2011.07.11 12:00:46.249,1.03389,1.03434,4.35,3.60
2011.07.11 12:00:47.187,1.03389,1.03432,2.10,4.35
2011.07.11 12:00:47.406,1.03389,1.03429,2.10,1.35
2011.07.11 12:00:51.437,1.03391,1.0343,1.50,3.38
2011.07.11 12:00:51.549,1.03391,1.0343,1.50,3.38
2011.07.11 12:00:51.966,1.03391,1.0343,1.50,1.13
2011.07.11 12:00:52.287,1.03391,1.03433,2.25,4.35
2011.07.11 12:00:52.397,1.03391,1.03432,1.50,1.35
2011.07.11 12:00:53.872,1.03391,1.03432,2.25,1.35
2011.07.11 12:00:54.678,1.03391,1.03432,2.25,1.35
2011.07.11 12:00:55.345,1.03391,1.03433,2.25,1.35
2011.07.11 12:00:57.828,1.03394,1.03433,2.25,1.35
2011.07.11 12:00:58.158,1.03394,1.03428,1.50,2.25
2011.07.11 12:00:58.598,1.03394,1.03431,1.50,3.23
2011.07.11 12:00:58.707,1.03388,1.03431,1.50,3.23
2011.07.11 12:00:59.161,1.03388,1.03431,1.88,2.85
2011.07.11 12:00:59.717,1.03393,1.03435,1.50,1.13
2011.07.11 12:01:00.666,1.03393,1.03435,1.50,3.38
2011.07.11 12:01:00.996,1.03391,1.03435,2.25,3.38
2011.07.11 12:01:01.770,1.03391,1.03433,2.25,2.25
2011.07.11 12:01:03.125,1.0339,1.03435,2.63,1.13
2011.07.11 12:01:04.887,1.0339,1.03433,2.63,2.25
2011.07.11 12:01:05.716,1.0339,1.03435,4.88,3.38
2011.07.11 12:01:06.789,1.0339,1.03434,4.50,1.13
2011.07.11 12:01:08.565,1.03393,1.03434,1.50,1.13
2011.07.11 12:01:08.939,1.03393,1.03435,2.10,3.00
2011.07.11 12:01:09.488,1.03395,1.03439,5.09,1.73
2011.07.11 12:01:09.707,1.03398,1.03439,2.10,1.35
2011.07.11 12:01:09.817,1.03399,1.03439,2.10,1.35
2011.07.11 12:01:10.146,1.03398,1.0344,3.00,3.00
2011.07.11 12:01:10.695,1.03399,1.03444,2.63,3.38
2011.07.11 12:01:11.578,1.03399,1.03444,2.63,3.38
2011.07.11 12:01:12.416,1.03398,1.03443,2.48,3.00
2011.07.11 12:01:13.188,1.03398,1.03438,2.10,1.73
2011.07.11 12:01:13.406,1.0339,1.03437,3.00,2.63
2011.07.11 12:01:13.625,1.0339,1.03436,2.25,1.13
2011.07.11 12:01:13.760,1.0339,1.03437,3.00,2.63
2011.07.11 12:01:13.975,1.0339,1.03436,2.25,1.13
2011.07.11 12:01:14.497,1.03389,1.03434,2.63,3.00
2011.07.11 12:01:15.388,1.03389,1.03431,2.25,1.13
2011.07.11 12:01:15.500,1.03387,1.03432,4.95,3.23
2011.07.11 12:01:15.937,1.03387,1.03428,2.85,3.98
2011.07.11 12:01:16.487,1.03381,1.03428,3.00,3.98
2011.07.11 12:01:17.005,1.03382,1.03428,1.35,3.98
2011.07.11 12:01:17.621,1.03381,1.03426,5.10,3.38
2011.07.11 12:01:17.649,1.03382,1.03426,1.50,3.38
2011.07.11 12:01:17.765,1.03381,1.03426,3.60,3.38
2011.07.11 12:01:18.538,1.0338,1.03427,3.23,5.10
2011.07.11 12:01:18.649,1.03383,1.03422,1.73,2.10
2011.07.11 12:01:18.980,1.03392,1.03428,2.10,2.25
2011.07.11 12:01:19.416,1.03392,1.03432,2.10,3.00
2011.07.11 12:01:19.967,1.03392,1.03431,2.10,2.25
2011.07.11 12:01:20.646,1.03392,1.0343,2.10,1.50
2011.07.11 12:01:20.978,1.03392,1.03431,2.10,3.75
2011.07.11 12:01:21.209,1.03388,1.0343,3.38,1.35
2011.07.11 12:01:21.319,1.03388,1.0343,2.25,1.35
2011.07.11 12:01:21.868,1.03381,1.03426,3.98,3.23
2011.07.11 12:01:21.977,1.03381,1.03426,4.13,4.13
2011.07.11 12:01:22.198,1.03388,1.03426,1.35,3.75
2011.07.11 12:01:22.419,1.03398,1.03437,2.70,3.00
2011.07.11 12:01:22.867,1.03391,1.03432,2.48,2.10
2011.07.11 12:01:23.636,1.03395,1.03437,2.25,3.00
2011.07.11 12:01:23.746,1.03393,1.03437,2.25,3.00
2011.07.11 12:01:23.966,1.03392,1.03436,3.00,2.10
2011.07.11 12:01:24.187,1.03392,1.03437,3.75,4.35
2011.07.11 12:01:24.736,1.03395,1.03437,3.23,1.50
2011.07.11 12:01:24.849,1.03399,1.03436,2.25,1.50
2011.07.11 12:01:25.178,1.03389,1.03429,4.50,1.13
2011.07.11 12:01:25.397,1.03391,1.03432,1.35,2.85
2011.07.11 12:01:25.617,1.03398,1.03432,2.25,2.10
2011.07.11 12:01:25.906,1.034,1.03438,2.25,2.63
2011.07.11 12:01:26.020,1.03396,1.0344,2.25,2.63
2011.07.11 12:01:26.127,1.03391,1.03438,2.63,2.63
2011.07.11 12:01:26.801,1.03391,1.03435,1.13,2.25
2011.07.11 12:01:27.136,1.03393,1.03438,3.00,2.25
2011.07.11 12:01:27.469,1.03394,1.03437,1.13,2.25
2011.07.11 12:01:28.017,1.03391,1.03436,3.00,2.25
2011.07.11 12:01:28.198,1.03391,1.03436,3.00,2.85
2011.07.11 12:01:29.746,1.03394,1.03436,1.13,2.85
2011.07.11 12:01:29.856,1.03391,1.03436,4.88,2.85
2011.07.11 12:01:29.968,1.03393,1.03436,2.85,2.25
2011.07.11 12:01:30.188,1.03399,1.03441,2.63,4.35
2011.07.11 12:01:30.517,1.03404,1.03445,1.13,2.85
2011.07.11 12:01:30.627,1.03404,1.03448,3.60,1.35
2011.07.11 12:01:30.737,1.03404,1.03442,2.85,1.50
2011.07.11 12:01:31.067,1.03394,1.0344,3.98,1.35
2011.07.11 12:01:31.176,1.03397,1.0344,2.10,1.35
2011.07.11 12:01:31.988,1.03401,1.03441,3.23,1.52
2011.07.11 12:01:32.177,1.03401,1.0344,3.23,1.35
2011.07.11 12:01:33.506,1.03402,1.0344,1.73,2.10
2011.07.11 12:01:34.168,1.03401,1.03441,1.73,2.10
2011.07.11 12:01:34.386,1.03402,1.03446,1.73,2.85
2011.07.11 12:01:34.898,1.03398,1.03442,5.48,2.85
2011.07.11 12:01:35.009,1.03399,1.03442,2.48,2.25
2011.07.11 12:01:35.117,1.034,1.03446,3.23,2.25
2011.07.11 12:01:35.336,1.034,1.03446,3.23,3.00
2011.07.11 12:01:35.447,1.034,1.03445,3.23,1.50
2011.07.11 12:01:35.556,1.034,1.03446,2.63,3.00
2011.07.11 12:01:36.142,1.03401,1.03446,3.23,2.10
2011.07.11 12:01:36.257,1.03404,1.03447,1.35,2.85
2011.07.11 12:01:36.368,1.03406,1.0345,2.48,1.13
2011.07.11 12:01:36.697,1.0341,1.03448,2.25,2.48
2011.07.11 12:01:37.028,1.03403,1.03446,2.10,2.85
2011.07.11 12:01:39.485,1.03408,1.03448,2.63,1.35
2011.07.11 12:01:39.706,1.03408,1.03452,3.23,6.45
2011.07.11 12:01:39.927,1.03409,1.03452,1.35,6.45
2011.07.11 12:01:40.296,1.03408,1.03451,3.23,3.75
2011.07.11 12:01:40.627,1.03409,1.03451,3.98,4.52
2011.07.11 12:01:41.496,1.03409,1.03451,3.98,4.50
2011.07.11 12:01:42.092,1.03412,1.03451,1.13,3.02
2011.07.11 12:01:42.318,1.03412,1.03453,1.13,1.35
2011.07.11 12:01:43.855,1.03412,1.03456,1.50,4.35
2011.07.11 12:01:43.966,1.03413,1.03456,2.48,3.75
2011.07.11 12:01:44.079,1.03414,1.03457,3.23,2.25
2011.07.11 12:01:44.407,1.03413,1.03456,2.48,2.25
2011.07.11 12:01:45.595,1.03413,1.03456,2.48,2.25
2011.07.11 12:01:45.905,1.03413,1.03453,2.48,1.50
2011.07.11 12:01:46.020,1.03411,1.03453,2.85,2.10
2011.07.11 12:01:46.587,1.03408,1.03452,2.10,2.85
2011.07.11 12:01:47.167,1.03414,1.03456,2.10,2.85
2011.07.11 12:01:47.605,1.03414,1.03455,2.10,1.35
2011.07.11 12:01:48.537,1.03417,1.03456,1.35,2.85
2011.07.11 12:01:48.757,1.03414,1.03455,4.73,1.35
2011.07.11 12:01:49.119,1.03417,1.03456,1.35,2.25
2011.07.11 12:01:49.337,1.03416,1.03458,2.10,2.25
2011.07.11 12:01:49.886,1.03416,1.03461,5.48,2.25
2011.07.11 12:01:50.326,1.03416,1.0346,2.48,3.75
2011.07.11 12:01:51.307,1.03416,1.0346,2.48,3.75
2011.07.11 12:01:52.822,1.03416,1.0346,3.23,3.75
2011.07.11 12:01:53.706,1.03416,1.0346,2.48,3.75
2011.07.11 12:01:56.528,1.03415,1.03459,3.23,1.35
2011.07.11 12:01:57.957,1.03413,1.03454,2.10,1.35
2011.07.11 12:01:58.067,1.03413,1.03452,2.10,1.35
2011.07.11 12:01:58.506,1.03409,1.03454,2.85,4.73
2011.07.11 12:01:58.836,1.03408,1.03449,3.08,2.25
2011.07.11 12:01:59.168,1.03403,1.03442,2.10,2.25
2011.07.11 12:01:59.551,1.03403,1.03445,2.48,4.50
2011.07.11 12:01:59.673,1.03399,1.03442,1.73,2.25
2011.07.11 12:01:59.788,1.03401,1.03446,2.63,3.23
2011.07.11 12:02:00.297,1.03401,1.03445,3.00,1.13
2011.07.11 12:02:00.626,1.03397,1.03441,1.35,2.85
2011.07.11 12:02:00.956,1.03397,1.03437,1.35,2.25
2011.07.11 12:02:01.298,1.034,1.03439,2.25,2.63
2011.07.11 12:02:01.409,1.03406,1.03446,1.50,2.25
2011.07.11 12:02:02.719,1.03406,1.03446,1.50,3.00
2011.07.11 12:02:03.758,1.03401,1.03443,2.85,1.35
2011.07.11 12:02:04.427,1.03402,1.03443,1.35,1.35
2011.07.11 12:02:05.577,1.03401,1.03443,2.85,1.35
2011.07.11 12:02:05.849,1.03401,1.03444,3.23,1.35
2011.07.11 12:02:06.070,1.03408,1.03447,2.10,2.25
2011.07.11 12:02:06.177,1.03408,1.03447,2.10,1.88
2011.07.11 12:02:06.288,1.03404,1.03447,2.85,2.48
2011.07.11 12:02:07.417,1.03406,1.03446,2.85,1.50
2011.07.11 12:02:07.961,1.03404,1.03446,2.10,2.25
2011.07.11 12:02:08.082,1.03402,1.03444,2.85,1.35
2011.07.11 12:02:08.748,1.03402,1.03446,1.50,4.50
2011.07.11 12:02:09.179,1.034,1.03439,2.63,1.35
2011.07.11 12:02:09.508,1.034,1.03436,2.25,1.50
2011.07.11 12:02:09.741,1.03392,1.03436,1.13,2.25
2011.07.11 12:02:10.338,1.03392,1.03437,3.38,4.13
2011.07.11 12:02:10.446,1.03392,1.03434,3.00,1.13
2011.07.11 12:02:10.559,1.0339,1.03433,1.35,4.73
2011.07.11 12:02:10.778,1.03392,1.03433,1.13,2.25
2011.07.11 12:02:11.108,1.0339,1.03434,1.35,3.38
2011.07.11 12:02:11.216,1.0339,1.03434,1.35,3.38
2011.07.11 12:02:11.737,1.03391,1.03434,1.13,3.00
2011.07.11 12:02:11.957,1.0339,1.03434,1.35,3.75
2011.07.11 12:02:12.177,1.0339,1.03432,1.35,2.48
2011.07.11 12:02:12.397,1.0339,1.03434,1.35,3.38
2011.07.11 12:02:12.837,1.03391,1.03434,3.00,1.50
2011.07.11 12:02:13.277,1.0339,1.03432,1.35,2.25
2011.07.11 12:02:13.388,1.0339,1.03434,4.35,1.13
2011.07.11 12:02:13.609,1.03392,1.03432,2.25,2.48
2011.07.11 12:02:14.248,1.0339,1.03432,1.35,2.48
2011.07.11 12:02:14.645,1.03386,1.03429,3.60,1.73
2011.07.11 12:02:19.338,1.03384,1.03426,2.10,4.13
2011.07.11 12:02:20.967,1.03387,1.03427,1.35,1.50
2011.07.11 12:02:21.187,1.03385,1.03427,2.25,2.85
2011.07.11 12:02:21.407,1.03381,1.03421,1.35,1.50
2011.07.11 12:02:21.987,1.03381,1.03422,1.35,1.50
2011.07.11 12:02:22.541,1.03381,1.03421,1.35,1.50
2011.07.11 12:02:23.537,1.03381,1.03421,1.35,1.50
2011.07.11 12:02:24.467,1.03379,1.03422,4.35,2.48
2011.07.11 12:02:24.851,1.03379,1.03421,1.35,2.48
2011.07.11 12:02:24.968,1.03381,1.03421,1.35,1.50
2011.07.11 12:02:25.317,1.0338,1.03421,3.60,1.50
2011.07.11 12:02:25.647,1.03382,1.03422,2.25,2.10
2011.07.11 12:02:26.042,1.03382,1.03421,3.00,1.88
2011.07.11 12:02:26.270,1.03377,1.03419,2.25,1.13
2011.07.11 12:02:27.087,1.0338,1.03421,3.00,1.88
2011.07.11 12:02:27.307,1.03382,1.03421,1.35,1.50
2011.07.11 12:02:28.347,1.03383,1.03422,2.85,1.50
2011.07.11 12:02:28.915,1.03381,1.03421,1.35,1.50
2011.07.11 12:02:29.463,1.03381,1.03422,1.35,1.50
2011.07.11 12:02:29.796,1.03384,1.03421,1.35,1.50
2011.07.11 12:02:30.880,1.03382,1.03421,3.60,1.50
2011.07.11 12:02:31.988,1.03384,1.03421,1.35,1.50
2011.07.11 12:02:32.317,1.0339,1.03427,1.73,2.25
2011.07.11 12:02:32.649,1.03397,1.03436,2.70,2.63
2011.07.11 12:02:32.759,1.03397,1.03436,2.10,3.23
2011.07.11 12:02:32.977,1.03392,1.03435,2.25,1.35
2011.07.11 12:02:33.086,1.03393,1.03439,2.25,3.98
2011.07.11 12:02:33.648,1.03395,1.03439,1.50,3.38
2011.07.11 12:02:33.757,1.03395,1.03435,1.50,2.63
2011.07.11 12:02:33.868,1.03389,1.03432,1.35,4.73
2011.07.11 12:02:33.978,1.03389,1.0343,1.35,1.35
2011.07.11 12:02:34.526,1.03384,1.03423,1.35,3.08
2011.07.11 12:02:35.466,1.03384,1.03424,1.73,2.85
2011.07.11 12:02:35.578,1.03387,1.03424,2.85,2.25
2011.07.11 12:02:35.687,1.03391,1.03431,2.48,1.50
2011.07.11 12:02:35.797,1.03391,1.03434,2.48,1.50
2011.07.11 12:02:35.906,1.03393,1.03436,2.25,1.13
2011.07.11 12:02:36.236,1.03391,1.03434,2.85,1.73
2011.07.11 12:02:37.710,1.03392,1.03434,1.73,2.25
2011.07.11 12:02:37.928,1.03394,1.03437,1.50,3.75
2011.07.11 12:02:38.038,1.03394,1.03437,1.88,3.75
2011.07.11 12:02:38.478,1.034,1.03441,2.25,1.50
2011.07.11 12:02:38.698,1.034,1.03446,2.25,2.63
2011.07.11 12:02:38.917,1.03399,1.03443,2.85,2.48
2011.07.11 12:02:39.138,1.03399,1.03444,3.23,2.25
2011.07.11 12:02:39.247,1.03401,1.03446,3.23,2.25
2011.07.11 12:02:39.956,1.03401,1.03445,3.23,2.25
2011.07.11 12:02:40.231,1.03401,1.03445,3.23,2.85
2011.07.11 12:02:40.458,1.03401,1.03442,2.85,2.48
2011.07.11 12:02:40.788,1.03399,1.03439,2.10,2.63
2011.07.11 12:02:40.897,1.03399,1.03439,2.10,2.25
2011.07.11 12:02:41.009,1.03399,1.03441,2.10,5.25
2011.07.11 12:02:41.609,1.03398,1.03442,2.10,2.48
2011.07.11 12:02:42.220,1.03398,1.03438,1.35,3.23
2011.07.11 12:02:42.657,1.03391,1.03436,6.23,2.85
2011.07.11 12:02:42.991,1.03396,1.03432,1.35,2.10
2011.07.11 12:02:43.108,1.03396,1.03436,1.35,2.85
2011.07.11 12:02:44.018,1.03396,1.03433,1.35,2.63
2011.07.11 12:02:44.851,1.034,1.03433,2.10,4.73
2011.07.11 12:02:45.519,1.03405,1.03441,2.10,3.00
2011.07.11 12:02:45.958,1.03412,1.03444,2.10,1.50
2011.07.11 12:02:46.068,1.03412,1.03449,2.10,1.50
2011.07.11 12:02:46.287,1.03412,1.03452,2.10,4.35
2011.07.11 12:02:47.528,1.03412,1.0345,2.10,1.35
2011.07.11 12:02:48.042,1.03407,1.03447,2.85,1.35
2011.07.11 12:02:48.156,1.03407,1.03452,3.60,7.58
2011.07.11 12:02:48.737,1.03407,1.03446,1.35,3.75
2011.07.11 12:02:49.287,1.03407,1.03443,1.35,2.10
2011.07.11 12:02:49.836,1.03413,1.03446,2.10,1.50
2011.07.11 12:02:50.166,1.03413,1.0345,2.10,2.25
2011.07.11 12:02:50.656,1.03413,1.03446,2.10,1.50
2011.07.11 12:02:52.478,1.03413,1.03447,2.48,1.50
2011.07.11 12:02:53.304,1.03413,1.03446,2.10,1.50
2011.07.11 12:02:53.907,1.03418,1.03446,2.10,1.50
2011.07.11 12:02:54.957,1.03418,1.03447,2.10,1.50
2011.07.11 12:02:55.396,1.03418,1.03452,2.10,1.50
2011.07.11 12:02:55.836,1.03418,1.03456,2.10,2.10
2011.07.11 12:02:56.167,1.0342,1.03456,2.10,1.50
2011.07.11 12:02:56.721,1.0342,1.03457,2.10,1.50
2011.07.11 12:02:57.688,1.03422,1.03456,1.35,1.50
2011.07.11 12:02:59.039,1.03424,1.03456,2.10,1.50
2011.07.11 12:02:59.366,1.03424,1.03461,2.10,3.75
2011.07.11 12:03:01.045,1.03426,1.03461,1.35,2.25
2011.07.11 12:03:01.158,1.03424,1.03461,2.10,3.00
2011.07.11 12:03:01.267,1.03421,1.0346,2.85,1.35
2011.07.11 12:03:01.598,1.03421,1.03459,1.35,2.85
2011.07.11 12:03:02.300,1.03415,1.03455,2.10,3.23
2011.07.11 12:03:02.658,1.03417,1.03452,1.35,6.83
2011.07.11 12:03:05.026,1.03409,1.03452,2.85,4.58
2011.07.11 12:03:05.437,1.03416,1.03452,1.35,3.60
2011.07.11 12:03:05.656,1.03416,1.03456,1.35,5.63
2011.07.11 12:03:06.646,1.03414,1.03454,2.25,3.23
2011.07.11 12:03:06.756,1.03414,1.03454,2.25,3.23
2011.07.11 12:03:07.196,1.03417,1.03452,2.10,2.48
2011.07.11 12:03:07.307,1.03417,1.03456,2.10,2.63
2011.07.11 12:03:08.097,1.03417,1.03456,2.10,5.63
2011.07.11 12:03:08.637,1.03417,1.03456,2.85,4.13
2011.07.11 12:03:09.860,1.03418,1.03456,1.35,3.38
2011.07.11 12:03:10.676,1.03421,1.03456,1.35,5.10
2011.07.11 12:03:11.008,1.03416,1.03454,1.35,2.10
2011.07.11 12:03:11.227,1.03421,1.03452,1.35,3.02
2011.07.11 12:03:11.337,1.03418,1.03456,2.10,2.10
2011.07.11 12:03:12.603,1.03418,1.03454,2.10,1.35
2011.07.11 12:03:14.026,1.03418,1.03451,2.10,1.50
2011.07.11 12:03:14.140,1.03412,1.03452,1.35,2.10
2011.07.11 12:03:15.009,1.03415,1.03452,1.35,2.10
2011.07.11 12:03:16.007,1.03415,1.03451,1.35,1.50
2011.07.11 12:03:16.226,1.03411,1.03452,3.60,2.85
2011.07.11 12:03:16.336,1.03415,1.03452,1.35,2.10
2011.07.11 12:03:17.217,1.03412,1.03452,1.35,2.85
2011.07.11 12:03:17.651,1.03415,1.03452,1.35,2.10
2011.07.11 12:03:18.416,1.03415,1.03451,3.98,1.50
2011.07.11 12:03:19.918,1.03415,1.03451,3.23,1.50
2011.07.11 12:03:20.797,1.03409,1.03449,2.10,2.25
2011.07.11 12:03:21.677,1.03412,1.0345,1.35,2.25
2011.07.11 12:03:22.007,1.03409,1.03446,2.10,1.88
2011.07.11 12:03:22.118,1.03406,1.03446,1.35,2.48
2011.07.11 12:03:24.116,1.03406,1.03446,1.35,2.48
2011.07.11 12:03:24.226,1.03406,1.03446,1.35,2.48
2011.07.11 12:03:25.947,1.03406,1.03447,2.85,1.35
2011.07.11 12:03:26.497,1.03411,1.03449,2.10,1.35
2011.07.11 12:03:26.827,1.03408,1.03442,2.85,2.10
2011.07.11 12:03:27.048,1.03405,1.03442,1.35,2.48
2011.07.11 12:03:27.158,1.03399,1.03438,2.85,2.10
2011.07.11 12:03:27.268,1.03401,1.03438,1.73,2.10
2011.07.11 12:03:27.707,1.03403,1.03445,3.60,2.10
2011.07.11 12:03:27.928,1.0341,1.03447,2.10,4.35
2011.07.11 12:03:28.290,1.0341,1.03446,2.10,1.35
2011.07.11 12:03:28.506,1.0341,1.03448,2.10,1.35
2011.07.11 12:03:29.057,1.03412,1.03452,2.10,2.10
2011.07.11 12:03:29.607,1.03412,1.03453,2.10,3.60
2011.07.11 12:03:29.717,1.03406,1.0345,2.25,2.48
2011.07.11 12:03:30.292,1.03405,1.0345,4.88,2.10
2011.07.11 12:03:30.737,1.03409,1.03451,2.10,2.10
2011.07.11 12:03:31.207,1.03407,1.03448,1.35,3.23
2011.07.11 12:03:32.627,1.03401,1.03444,3.00,2.48
2011.07.11 12:03:32.956,1.03401,1.03443,2.25,3.08
2011.07.11 12:03:33.177,1.034,1.03441,1.35,2.48
2011.07.11 12:03:33.729,1.03397,1.03439,1.73,2.85
2011.07.11 12:03:33.836,1.03402,1.03439,2.10,2.25
2011.07.11 12:03:33.947,1.03402,1.03441,2.48,1.50
2011.07.11 12:03:34.607,1.03402,1.03442,2.10,3.75
2011.07.11 12:03:34.716,1.03402,1.03442,2.85,2.10
2011.07.11 12:03:37.788,1.03401,1.03442,3.98,1.35
2011.07.11 12:03:37.896,1.03402,1.03447,1.13,4.88
2011.07.11 12:03:39.136,1.03402,1.03447,3.60,2.85
2011.07.11 12:03:39.728,1.03407,1.03444,2.85,1.13
2011.07.11 12:03:40.029,1.034,1.03443,1.35,5.33
2011.07.11 12:03:41.117,1.03402,1.03443,2.25,3.08
2011.07.11 12:03:41.227,1.03402,1.03443,4.73,2.10
2011.07.11 12:03:41.665,1.03403,1.03447,1.50,4.13
2011.07.11 12:03:42.207,1.03406,1.03448,4.35,1.13
2011.07.11 12:03:42.758,1.03407,1.0345,2.85,1.35
2011.07.11 12:03:42.866,1.03408,1.03449,2.25,1.35
2011.07.11 12:03:44.217,1.03408,1.03449,3.00,1.35
2011.07.11 12:03:44.439,1.0341,1.0345,2.63,2.10
2011.07.11 12:03:44.767,1.03415,1.03453,2.10,1.13
2011.07.11 12:03:45.096,1.03411,1.03452,3.00,3.08
2011.07.11 12:03:45.427,1.03409,1.03452,4.34,2.70
2011.07.11 12:03:45.646,1.0341,1.03455,2.99,2.63
2011.07.11 12:03:45.757,1.03412,1.03457,3.00,4.50
2011.07.11 12:03:45.868,1.03414,1.03457,1.50,2.25
2011.07.11 12:03:45.978,1.03415,1.03457,2.63,1.50
2011.07.11 12:03:46.197,1.03416,1.0346,1.13,2.25
2011.07.11 12:03:46.608,1.03416,1.0346,1.50,2.25
2011.07.11 12:03:46.936,1.03419,1.03462,3.23,1.50
2011.07.11 12:03:47.546,1.03419,1.03461,3.23,1.50
2011.07.11 12:03:48.228,1.03432,1.03461,1.13,1.50
2011.07.11 12:03:48.558,1.03423,1.03466,2.85,1.50
2011.07.11 12:03:48.668,1.03423,1.0346,2.25,1.73
2011.07.11 12:03:48.777,1.03418,1.0346,2.70,1.73
2011.07.11 12:03:49.106,1.03414,1.0346,1.50,3.98
2011.07.11 12:03:49.437,1.03414,1.0346,1.87,3.00
2011.07.11 12:03:49.656,1.03413,1.0346,5.24,3.23
2011.07.11 12:03:49.985,1.03414,1.0346,2.24,3.98
2011.07.11 12:03:51.089,1.03418,1.03458,3.08,2.25
2011.07.11 12:03:51.196,1.03418,1.03459,2.48,2.25
2011.07.11 12:03:51.306,1.03418,1.03462,2.48,1.50
2011.07.11 12:03:51.527,1.03418,1.03461,3.08,2.10
2011.07.11 12:03:51.746,1.03418,1.03461,4.73,1.50
2011.07.11 12:03:52.408,1.03418,1.03453,4.73,2.10
2011.07.11 12:03:52.517,1.03418,1.03453,4.35,2.10
2011.07.11 12:03:52.627,1.03415,1.03452,2.25,5.33
2011.07.11 12:03:52.736,1.03407,1.03451,1.35,2.10
2011.07.11 12:03:53.088,1.03407,1.03446,1.35,2.10
2011.07.11 12:03:53.197,1.03405,1.03446,3.38,2.10
2011.07.11 12:03:54.663,1.03403,1.03442,3.60,4.95
2011.07.11 12:03:55.217,1.03401,1.03442,3.60,2.10
2011.07.11 12:03:55.437,1.03403,1.03441,1.35,2.10
2011.07.11 12:03:55.656,1.03401,1.03441,1.73,2.10
2011.07.11 12:04:00.087,1.03403,1.03441,1.35,2.10
2011.07.11 12:04:00.419,1.03401,1.03441,1.13,2.10
2011.07.11 12:04:00.748,1.03417,1.03442,2.10,1.50
2011.07.11 12:04:00.857,1.03417,1.03446,2.10,1.50
2011.07.11 12:04:00.969,1.03417,1.03444,2.10,2.85
2011.07.11 12:04:01.077,1.03399,1.03442,2.25,4.95
2011.07.11 12:04:01.625,1.03401,1.03441,3.38,1.50
2011.07.11 12:04:01.957,1.03404,1.03447,3.23,1.50
2011.07.11 12:04:02.178,1.03403,1.03447,2.25,2.10
2011.07.11 12:04:02.460,1.03402,1.03443,2.25,2.48
2011.07.11 12:04:03.616,1.034,1.03444,1.73,3.00
2011.07.11 12:04:03.946,1.03405,1.03444,1.73,2.25
2011.07.11 12:04:04.056,1.03405,1.03447,3.98,2.10
2011.07.11 12:04:07.569,1.03407,1.03447,3.23,2.85
2011.07.11 12:04:09.827,1.03407,1.03447,1.35,2.10
2011.07.11 12:04:10.127,1.03406,1.03446,1.35,2.10
2011.07.11 12:04:10.757,1.03403,1.03444,2.85,1.35
2011.07.11 12:04:11.262,1.03406,1.03446,1.35,3.60
2011.07.11 12:04:11.929,1.03401,1.03442,5.48,2.10
2011.07.11 12:04:12.147,1.03401,1.03445,5.48,2.25
2011.07.11 12:04:12.260,1.03407,1.03447,3.23,2.10
2011.07.11 12:04:12.846,1.03408,1.03446,3.08,1.50
2011.07.11 12:04:13.396,1.03408,1.03447,3.08,2.10
2011.07.11 12:04:14.758,1.03413,1.03451,2.10,6.75
2011.07.11 12:04:15.134,1.03409,1.03447,2.48,1.50
2011.07.11 12:04:15.264,1.03412,1.0345,1.13,2.25
2011.07.11 12:04:15.490,1.03411,1.0345,1.50,2.25
2011.07.11 12:04:15.600,1.03408,1.0345,2.10,2.25
2011.07.11 12:04:15.712,1.03407,1.0345,1.73,2.25
2011.07.11 12:04:16.597,1.03408,1.0345,3.08,1.50
2011.07.11 12:04:17.536,1.03408,1.03451,6.08,5.25
2011.07.11 12:04:18.669,1.03411,1.03451,1.13,4.50
2011.07.11 12:04:19.229,1.03411,1.03452,1.13,1.50
2011.07.11 12:04:19.696,1.0341,1.03451,2.63,2.25
2011.07.11 12:04:19.807,1.03411,1.03451,1.13,1.50
2011.07.11 12:04:22.307,1.03411,1.03452,1.13,1.50
2011.07.11 12:04:22.417,1.03411,1.03452,1.50,1.50
2011.07.11 12:04:22.528,1.03412,1.03457,3.38,1.50
2011.07.11 12:04:23.178,1.03413,1.03459,1.13,3.00
2011.07.11 12:04:23.328,1.03413,1.03458,1.13,1.35
2011.07.11 12:04:23.437,1.03409,1.03452,4.13,2.70
2011.07.11 12:04:23.647,1.03409,1.03452,2.25,2.70
2011.07.11 12:04:24.706,1.03409,1.03452,3.75,3.45
2011.07.11 12:04:25.318,1.03409,1.03452,3.00,3.45
2011.07.11 12:04:25.428,1.0341,1.03452,3.00,2.70
2011.07.11 12:04:25.869,1.03418,1.0346,2.10,2.85
2011.07.11 12:04:26.397,1.03418,1.03454,2.10,1.35
2011.07.11 12:04:26.617,1.03409,1.03452,2.25,1.35
2011.07.11 12:04:27.516,1.03407,1.03452,4.95,3.60
2011.07.11 12:04:28.225,1.03407,1.03449,5.70,1.35
2011.07.11 12:04:28.907,1.03407,1.03449,4.95,1.35
2011.07.11 12:04:29.489,1.03407,1.03444,2.10,2.48
2011.07.11 12:04:29.709,1.03401,1.03443,3.00,3.08
2011.07.11 12:04:29.926,1.03401,1.03445,2.63,3.00
2011.07.11 12:04:30.755,1.03401,1.03447,2.63,2.63
2011.07.11 12:04:31.122,1.03401,1.03447,3.00,2.25
2011.07.11 12:04:31.828,1.03406,1.03447,1.13,1.50
2011.07.11 12:04:32.536,1.03405,1.03446,2.63,1.50
2011.07.11 12:04:33.139,1.03402,1.03447,3.98,1.50
2011.07.11 12:04:33.545,1.03406,1.03447,1.35,1.50
2011.07.11 12:04:34.126,1.03409,1.03454,3.23,3.00
2011.07.11 12:04:34.725,1.03409,1.03454,3.23,3.00
2011.07.11 12:04:36.157,1.03413,1.03456,2.63,2.85
2011.07.11 12:04:36.488,1.03417,1.0345,2.10,1.50
2011.07.11 12:04:36.817,1.03408,1.03449,2.70,2.85
2011.07.11 12:04:36.928,1.03408,1.03449,2.10,3.23
2011.07.11 12:04:37.148,1.03401,1.03441,1.35,1.50
2011.07.11 12:04:37.477,1.03406,1.03441,2.10,1.50
2011.07.11 12:04:37.810,1.03408,1.03443,2.10,3.23
2011.07.11 12:04:37.916,1.034,1.03442,2.10,3.08
2011.07.11 12:04:38.838,1.03396,1.03438,2.25,3.23
2011.07.11 12:04:39.278,1.03408,1.0344,2.10,2.25
2011.07.11 12:04:39.389,1.03408,1.03442,2.10,1.50
2011.07.11 12:04:39.496,1.03408,1.03446,2.10,2.85
2011.07.11 12:04:39.828,1.034,1.03445,1.73,3.60
2011.07.11 12:04:39.936,1.03399,1.03445,3.23,3.60
2011.07.11 12:04:41.598,1.034,1.03445,1.73,3.60
2011.07.11 12:04:42.336,1.03402,1.03445,1.73,3.00
2011.07.11 12:04:42.756,1.03408,1.03447,2.10,4.50
2011.07.11 12:04:44.726,1.03408,1.03448,2.10,1.35
2011.07.11 12:04:45.980,1.03408,1.03449,2.10,1.35
2011.07.11 12:04:46.547,1.03408,1.03444,2.10,2.10
2011.07.11 12:04:46.656,1.03405,1.03443,2.25,3.08
2011.07.11 12:04:46.876,1.03399,1.03443,4.88,2.70
2011.07.11 12:04:46.987,1.03403,1.03444,2.85,1.35
2011.07.11 12:04:47.897,1.03398,1.03442,3.60,3.08
2011.07.11 12:04:48.226,1.03395,1.03439,3.00,1.73
2011.07.11 12:04:49.298,1.03396,1.03439,1.35,1.13
2011.07.11 12:04:49.846,1.03397,1.03441,5.70,1.50
2011.07.11 12:04:50.259,1.03397,1.03441,4.95,2.25
2011.07.11 12:04:50.667,1.03397,1.03441,5.70,1.50
2011.07.11 12:04:53.206,1.03397,1.03441,3.45,3.00
2011.07.11 12:04:53.318,1.03397,1.03441,3.45,3.75
2011.07.11 12:04:53.649,1.03395,1.03435,1.35,2.10
2011.07.11 12:04:53.997,1.03392,1.03432,1.35,2.70
2011.07.11 12:04:55.205,1.03395,1.03435,1.35,2.10
2011.07.11 12:04:55.316,1.03393,1.03438,3.00,1.73
2011.07.11 12:04:56.760,1.034,1.03441,2.10,1.13
2011.07.11 12:04:57.516,1.034,1.03442,4.73,1.50
2011.07.11 12:04:58.663,1.034,1.03442,4.73,2.25
2011.07.11 12:04:58.777,1.034,1.03439,3.23,1.35
2011.07.11 12:05:00.828,1.03401,1.03442,2.10,3.60
2011.07.11 12:05:01.158,1.03407,1.03442,2.70,2.10
2011.07.11 12:05:04.107,1.03402,1.03441,3.60,3.60
2011.07.11 12:05:04.454,1.03402,1.03441,4.35,2.85
2011.07.11 12:05:04.788,1.03408,1.03441,2.10,1.35
2011.07.11 12:05:05.927,1.03405,1.03441,3.00,1.35
2011.07.11 12:05:06.257,1.03402,1.03441,2.85,2.10
2011.07.11 12:05:06.588,1.03401,1.03441,1.13,1.50
2011.07.11 12:05:08.066,1.03401,1.03442,3.38,1.50
2011.07.11 12:05:08.396,1.03401,1.03441,3.00,1.73
2011.07.11 12:05:09.141,1.03394,1.0344,2.25,4.73
2011.07.11 12:05:10.339,1.03394,1.03438,2.25,1.73
2011.07.11 12:05:10.789,1.03398,1.03441,2.85,2.48
2011.07.11 12:05:11.878,1.03398,1.03441,3.60,1.73
2011.07.11 12:05:12.316,1.03398,1.03439,3.00,2.10
2011.07.11 12:05:12.426,1.03398,1.03439,3.00,2.48
2011.07.11 12:05:12.987,1.03397,1.03439,1.13,2.10
2011.07.11 12:05:13.298,1.03401,1.03443,1.35,3.23
2011.07.11 12:05:14.857,1.03401,1.03445,3.98,2.85
2011.07.11 12:05:15.152,1.03401,1.03445,3.98,2.85
2011.07.11 12:05:15.645,1.03401,1.03445,3.98,2.85
2011.07.11 12:05:16.087,1.03404,1.03438,2.25,2.10
2011.07.11 12:05:16.196,1.03404,1.03438,1.50,2.48
2011.07.11 12:05:16.417,1.03401,1.03432,2.25,2.70
2011.07.11 12:05:16.747,1.03392,1.03433,1.73,2.70
2011.07.11 12:05:17.647,1.03395,1.03438,3.00,2.48
2011.07.11 12:05:20.217,1.03395,1.03438,3.00,2.48
2011.07.11 12:05:20.544,1.03394,1.03436,2.25,2.25
2011.07.11 12:05:20.768,1.03394,1.03436,2.25,2.25
2011.07.11 12:05:22.389,1.03396,1.03439,1.13,3.60
2011.07.11 12:05:22.497,1.03396,1.03439,1.13,3.60
2011.07.11 12:05:23.307,1.03397,1.03439,2.85,1.35
2011.07.11 12:05:23.858,1.03393,1.03438,2.25,1.88
2011.07.11 12:05:26.498,1.03394,1.03438,2.25,3.38
2011.07.11 12:05:27.377,1.03394,1.03438,2.25,3.38
2011.07.11 12:05:27.709,1.03394,1.03438,2.25,3.38
2011.07.11 12:05:28.288,1.03394,1.03438,2.25,4.13
2011.07.11 12:05:28.506,1.03394,1.03438,2.25,3.38
2011.07.11 12:05:32.497,1.03394,1.03434,2.25,2.63
2011.07.11 12:05:32.607,1.03394,1.03432,1.88,2.10
2011.07.11 12:05:32.827,1.03398,1.03439,2.10,3.60
2011.07.11 12:05:33.357,1.03398,1.03437,2.10,1.13
2011.07.11 12:05:33.686,1.03394,1.03437,2.25,1.13
2011.07.11 12:05:37.027,1.03391,1.03437,1.13,3.38
2011.07.11 12:05:37.846,1.03391,1.03437,1.13,2.63
2011.07.11 12:05:37.956,1.03391,1.03435,1.35,3.23
2011.07.11 12:05:38.287,1.03399,1.03436,1.73,2.85
2011.07.11 12:05:39.458,1.03399,1.0344,2.48,1.35
2011.07.11 12:05:40.008,1.03399,1.03442,3.23,2.10
2011.07.11 12:05:40.651,1.03405,1.03442,2.10,2.10
2011.07.11 12:05:41.206,1.03405,1.03447,2.48,2.10
2011.07.11 12:05:41.316,1.03408,1.03446,2.10,1.50
2011.07.11 12:05:41.449,1.03404,1.03446,3.23,2.10
2011.07.11 12:05:43.548,1.03409,1.0345,3.23,1.35
2011.07.11 12:05:43.658,1.03408,1.0345,3.23,1.35
2011.07.11 12:05:46.227,1.03409,1.03454,2.63,3.00
2011.07.11 12:05:46.340,1.03409,1.03449,2.63,1.35
2011.07.11 12:05:46.558,1.03407,1.03447,3.45,3.98
2011.07.11 12:05:48.166,1.034,1.03443,2.25,1.73
2011.07.11 12:05:48.387,1.03397,1.03441,3.08,3.23
2011.07.11 12:05:48.938,1.03397,1.03435,3.23,2.10
2011.07.11 12:05:49.269,1.03387,1.0343,3.45,3.98
2011.07.11 12:05:49.380,1.0339,1.03433,1.13,2.85
2011.07.11 12:05:49.657,1.03395,1.0344,2.85,3.23
2011.07.11 12:05:49.772,1.03392,1.03436,2.85,1.73
2011.07.11 12:05:50.108,1.03391,1.03435,1.35,2.25
2011.07.11 12:05:50.219,1.03397,1.03439,2.70,1.35
2011.07.11 12:05:50.909,1.03396,1.03439,1.35,3.98
2011.07.11 12:05:51.347,1.03393,1.03438,2.10,1.73
2011.07.11 12:05:51.568,1.03395,1.03438,1.35,1.73
2011.07.11 12:05:52.877,1.03393,1.03435,2.10,1.35
2011.07.11 12:05:53.096,1.03395,1.03438,1.35,1.73
2011.07.11 12:05:55.076,1.03394,1.03435,2.10,1.35
2011.07.11 12:05:56.316,1.03393,1.03434,1.50,1.35
2011.07.11 12:05:56.788,1.03394,1.03437,2.10,1.73
2011.07.11 12:05:59.006,1.03396,1.03439,1.35,4.73
2011.07.11 12:06:01.796,1.03398,1.03439,1.35,3.98
2011.07.11 12:06:01.906,1.03397,1.03438,1.35,1.73
2011.07.11 12:06:04.753,1.03397,1.03436,1.35,2.25
2011.07.11 12:06:06.737,1.03393,1.03436,2.10,3.00
2011.07.11 12:06:09.624,1.03394,1.03433,2.10,1.13
2011.07.11 12:06:09.736,1.03394,1.03433,1.50,1.73
2011.07.11 12:06:10.268,1.03392,1.03433,2.25,5.10
2011.07.11 12:06:11.576,1.03392,1.03437,4.50,3.75
2011.07.11 12:06:12.377,1.03392,1.03436,4.50,1.50
2011.07.11 12:06:12.598,1.03392,1.03436,4.50,2.25
2011.07.11 12:06:14.305,1.03392,1.03437,4.50,3.75
2011.07.11 12:06:14.696,1.03392,1.03432,3.60,2.70
2011.07.11 12:06:14.918,1.03391,1.03434,3.98,1.35
2011.07.11 12:06:16.397,1.03392,1.03436,1.73,2.85
2011.07.11 12:06:17.498,1.03392,1.03433,1.73,1.35
2011.07.11 12:06:18.167,1.03392,1.03436,1.35,3.23
2011.07.11 12:06:18.497,1.03392,1.03432,1.35,3.08
2011.07.11 12:06:18.869,1.03391,1.0343,1.13,1.35
2011.07.11 12:06:19.307,1.03386,1.03429,1.35,3.98
2011.07.11 12:06:19.417,1.03386,1.03429,1.35,3.98
2011.07.11 12:06:20.596,1.03386,1.03429,1.35,3.98
2011.07.11 12:06:21.418,1.03386,1.03428,1.35,1.73
2011.07.11 12:06:21.943,1.03388,1.03426,2.10,4.73
2011.07.11 12:06:22.060,1.03386,1.03427,1.35,2.85
2011.07.11 12:06:22.717,1.03387,1.03431,2.10,7.73
2011.07.11 12:06:26.067,1.03391,1.03431,3.38,3.75
2011.07.11 12:06:26.397,1.03391,1.03431,3.75,2.27
2011.07.11 12:06:26.509,1.03397,1.03437,2.10,2.10
2011.07.11 12:06:26.947,1.03397,1.03434,2.10,2.10
2011.07.11 12:06:27.056,1.03395,1.03434,2.25,2.10
2011.07.11 12:06:27.726,1.03391,1.03434,3.98,2.10
2011.07.11 12:06:28.536,1.03391,1.03434,3.98,2.85
2011.07.11 12:06:28.817,1.03395,1.03435,1.35,1.35
2011.07.11 12:06:29.037,1.03398,1.03435,2.10,1.35
2011.07.11 12:06:29.608,1.03398,1.03436,2.10,2.10
2011.07.11 12:06:32.868,1.03398,1.03439,2.85,1.35
2011.07.11 12:06:32.977,1.03407,1.0344,2.10,2.25
2011.07.11 12:06:33.088,1.03407,1.03444,2.10,1.35
2011.07.11 12:06:33.197,1.03402,1.03442,1.35,2.70
2011.07.11 12:06:33.308,1.03401,1.03442,3.00,3.08
2011.07.11 12:06:33.528,1.03398,1.03442,6.08,4.95
2011.07.11 12:06:34.566,1.034,1.03443,3.38,2.10
2011.07.11 12:06:37.657,1.03398,1.0344,3.98,2.85
2011.07.11 12:06:37.768,1.03397,1.03439,2.70,2.85
2011.07.11 12:06:41.157,1.03398,1.03439,1.35,2.85
2011.07.11 12:06:42.827,1.03398,1.03436,1.35,2.25
2011.07.11 12:06:44.370,1.03398,1.03438,1.35,3.60
2011.07.11 12:06:44.784,1.03396,1.03437,2.85,1.35
2011.07.11 12:06:55.779,1.03398,1.03437,2.85,1.35
2011.07.11 12:06:55.889,1.03398,1.03437,4.35,1.35
2011.07.11 12:06:55.997,1.03398,1.03438,4.73,1.35
2011.07.11 12:06:56.108,1.03403,1.03438,1.50,1.35
2011.07.11 12:06:56.437,1.03408,1.03443,2.10,1.35
2011.07.11 12:06:56.548,1.03406,1.03448,1.35,1.73
2011.07.11 12:07:00.417,1.03404,1.03443,2.10,1.35
2011.07.11 12:07:00.527,1.03404,1.0344,1.50,1.35
2011.07.11 12:07:01.057,1.03409,1.03446,2.10,1.13
2011.07.11 12:07:01.167,1.03415,1.0345,2.85,3.00
2011.07.11 12:07:01.388,1.03415,1.03451,3.23,3.00
2011.07.11 12:07:01.497,1.03418,1.03456,2.10,1.35
2011.07.11 12:07:02.555,1.03418,1.03456,2.10,1.35
2011.07.11 12:07:03.546,1.03418,1.03456,2.10,1.35
2011.07.11 12:07:03.656,1.03418,1.03454,2.10,1.35
2011.07.11 12:07:03.876,1.03411,1.03456,1.13,1.13
2011.07.11 12:07:05.138,1.03411,1.03454,1.73,1.35
2011.07.11 12:07:06.558,1.03415,1.03456,2.10,2.63
2011.07.11 12:07:06.890,1.03427,1.03462,2.10,1.35
2011.07.11 12:07:07.000,1.03427,1.03462,2.10,1.35
2011.07.11 12:07:07.412,1.03418,1.03463,3.83,2.85
2011.07.11 12:07:08.647,1.03418,1.03462,3.08,1.35
2011.07.11 12:07:09.061,1.03422,1.03463,1.35,1.35
2011.07.11 12:07:09.190,1.03422,1.03461,1.35,2.10
2011.07.11 12:07:12.697,1.03423,1.03463,3.23,1.35
2011.07.11 12:07:13.537,1.03428,1.03464,2.10,1.35
2011.07.11 12:07:14.178,1.03428,1.03463,2.10,2.10
2011.07.11 12:07:14.508,1.03423,1.03464,2.85,1.35
2011.07.11 12:07:15.392,1.03428,1.03463,2.10,1.35
2011.07.11 12:07:16.117,1.03421,1.03465,1.35,4.73
2011.07.11 12:07:16.688,1.0342,1.03462,3.38,2.10
2011.07.11 12:07:17.536,1.03417,1.03459,3.08,1.35
2011.07.11 12:07:17.866,1.03418,1.03462,3.60,2.48
2011.07.11 12:07:19.187,1.03417,1.03461,2.70,6.23
2011.07.11 12:07:19.516,1.03417,1.03456,2.10,2.10
2011.07.11 12:07:20.548,1.03418,1.03456,2.63,2.10
2011.07.11 12:07:20.999,1.03419,1.03459,1.35,1.35
2011.07.11 12:07:21.108,1.03428,1.03459,2.10,1.35
2011.07.11 12:07:23.916,1.03421,1.0346,1.35,1.35
2011.07.11 12:07:24.030,1.03422,1.03461,2.63,1.35
2011.07.11 12:07:24.438,1.03428,1.03459,2.10,1.35
2011.07.11 12:07:25.648,1.03428,1.03461,4.20,1.50
2011.07.11 12:07:25.868,1.03438,1.03466,2.10,2.85
2011.07.11 12:07:25.979,1.03429,1.0347,3.23,2.10
2011.07.11 12:07:27.124,1.03427,1.03465,6.08,1.35
2011.07.11 12:07:27.977,1.0343,1.0347,1.35,2.10
2011.07.11 12:07:28.087,1.03429,1.03469,1.13,2.10
2011.07.11 12:07:28.200,1.03427,1.03469,4.35,2.85
2011.07.11 12:07:29.528,1.03424,1.03464,1.35,1.35
2011.07.11 12:07:29.748,1.03421,1.03462,1.35,2.10
2011.07.11 12:07:30.457,1.03421,1.03461,1.35,1.50
2011.07.11 12:07:31.428,1.03421,1.03462,1.35,2.10
2011.07.11 12:07:32.107,1.03422,1.03461,1.73,1.50
2011.07.11 12:07:32.977,1.03425,1.03461,2.25,1.50
2011.07.11 12:07:33.198,1.03427,1.03467,2.10,2.10
2011.07.11 12:07:33.526,1.03428,1.03467,2.63,2.10
2011.07.11 12:07:34.186,1.03428,1.03467,2.63,1.50
2011.07.11 12:07:35.987,1.03428,1.03466,2.63,1.50
2011.07.11 12:07:36.538,1.03427,1.03467,4.73,1.50
2011.07.11 12:07:36.850,1.03427,1.03471,4.73,2.25
2011.07.11 12:07:37.395,1.03437,1.03471,2.10,2.25
2011.07.11 12:07:37.617,1.03437,1.03475,2.10,1.35
2011.07.11 12:07:38.547,1.03437,1.03476,2.10,3.60
2011.07.11 12:07:38.937,1.03437,1.03474,2.10,1.50
2011.07.11 12:07:39.048,1.03427,1.03472,2.48,2.25
2011.07.11 12:07:39.157,1.03427,1.03472,2.10,2.63
2011.07.11 12:07:39.489,1.03421,1.03465,3.60,3.23
2011.07.11 12:07:39.818,1.03421,1.03465,3.23,2.25
2011.07.11 12:07:40.289,1.0342,1.03464,3.38,2.85
2011.07.11 12:07:40.807,1.03423,1.03464,1.13,2.85
2011.07.11 12:07:41.136,1.03421,1.03464,1.88,2.85
2011.07.11 12:07:41.820,1.03422,1.03466,2.48,2.85
2011.07.11 12:07:47.260,1.03419,1.0346,2.85,3.23
2011.07.11 12:07:47.477,1.03417,1.03459,2.10,3.23
2011.07.11 12:07:47.856,1.03416,1.03459,1.35,4.73
2011.07.11 12:07:48.459,1.03414,1.03452,1.50,2.70
2011.07.11 12:07:48.896,1.03411,1.03452,1.35,2.70
2011.07.11 12:07:49.278,1.03411,1.03449,1.35,1.73
2011.07.11 12:07:49.718,1.03407,1.03445,2.85,1.35
2011.07.11 12:07:50.158,1.03407,1.03451,3.83,2.85
2011.07.11 12:07:50.817,1.03407,1.03451,6.08,2.10
2011.07.11 12:07:51.147,1.03407,1.03452,3.83,6.60
2011.07.11 12:07:51.477,1.03407,1.03438,2.70,2.25
2011.07.11 12:07:51.590,1.03401,1.03438,1.35,3.38
2011.07.11 12:07:51.807,1.03397,1.03441,1.13,3.60
2011.07.11 12:07:52.569,1.03398,1.03441,5.48,2.10
2011.07.11 12:07:53.477,1.03398,1.03441,2.10,4.73
2011.07.11 12:07:54.027,1.03397,1.03441,3.23,4.35
2011.07.11 12:07:54.617,1.03398,1.03441,2.25,2.10
2011.07.11 12:07:56.117,1.03397,1.03441,3.23,2.10
2011.07.11 12:07:57.647,1.03397,1.03441,3.23,2.10
2011.07.11 12:07:59.456,1.03401,1.03441,1.35,2.85
2011.07.11 12:07:59.801,1.03402,1.03441,1.35,2.85
2011.07.11 12:08:00.127,1.03402,1.03438,1.35,2.63
2011.07.11 12:08:00.726,1.03393,1.03436,1.35,1.73
2011.07.11 12:08:01.543,1.03393,1.03432,1.35,2.10
2011.07.11 12:08:01.658,1.03393,1.03432,1.35,2.10
2011.07.11 12:08:03.268,1.03393,1.03432,1.35,4.35
2011.07.11 12:08:06.738,1.03389,1.03431,2.25,2.25
2011.07.11 12:08:06.848,1.03389,1.03432,2.25,3.60
2011.07.11 12:08:06.958,1.03389,1.03427,2.63,2.10
2011.07.11 12:08:07.330,1.03391,1.0343,1.13,2.85
2011.07.11 12:08:07.437,1.03394,1.03432,2.10,2.10
2011.07.11 12:08:07.767,1.03395,1.03436,1.73,2.10
2011.07.11 12:08:07.987,1.03397,1.03437,2.70,2.10
2011.07.11 12:08:08.536,1.0339,1.03435,2.48,2.63
2011.07.11 12:08:08.646,1.0339,1.03432,2.48,2.25
2011.07.11 12:08:08.867,1.0339,1.03434,2.48,2.25
2011.07.11 12:08:09.427,1.0339,1.03435,4.73,2.63
2011.07.11 12:08:10.539,1.03392,1.03435,1.35,3.38
2011.07.11 12:08:11.517,1.03396,1.03435,1.35,2.63
2011.07.11 12:08:12.066,1.03394,1.03437,3.23,2.10
2011.07.11 12:08:13.658,1.03397,1.03439,1.35,1.35
2011.07.11 12:08:14.019,1.03402,1.0344,1.35,2.85
2011.07.11 12:08:16.866,1.034,1.03438,3.00,2.10
2011.07.11 12:08:16.979,1.03395,1.03432,1.50,4.95
2011.07.11 12:08:17.857,1.0339,1.03436,4.50,1.73
2011.07.11 12:08:18.503,1.0339,1.03434,2.25,2.85
2011.07.11 12:08:18.947,1.03399,1.03436,1.35,2.85
2011.07.11 12:08:19.608,1.03401,1.03442,1.35,4.95
2011.07.11 12:08:20.479,1.03399,1.03442,1.88,5.85
2011.07.11 12:08:21.583,1.03399,1.03442,1.13,5.85
2011.07.11 12:08:22.829,1.03399,1.03445,3.23,3.23
2011.07.11 12:08:23.377,1.03399,1.03443,3.60,1.35
2011.07.11 12:08:24.894,1.03401,1.03443,3.98,1.35
2011.07.11 12:08:25.887,1.03402,1.03444,2.25,2.85
2011.07.11 12:08:25.997,1.034,1.03443,1.73,3.45
2011.07.11 12:08:26.880,1.034,1.03443,1.35,3.08
2011.07.11 12:08:27.208,1.03402,1.03438,1.13,2.10
2011.07.11 12:08:27.429,1.03403,1.03443,2.63,2.70
2011.07.11 12:08:27.538,1.034,1.03443,2.85,2.70
2011.07.11 12:08:28.177,1.03401,1.03442,1.13,2.10
2011.07.11 12:08:28.287,1.03401,1.03442,1.13,4.20
2011.07.11 12:08:28.398,1.03398,1.03442,5.33,2.70
2011.07.11 12:08:29.388,1.03401,1.03442,3.23,2.70
2011.07.11 12:08:29.717,1.03407,1.03446,2.10,2.10
2011.07.11 12:08:30.363,1.03404,1.03446,3.23,2.10
2011.07.11 12:08:34.908,1.03407,1.03447,1.35,2.10
2011.07.11 12:08:35.126,1.03407,1.03447,1.35,2.10
2011.07.11 12:08:35.677,1.03407,1.03448,3.45,2.10
2011.07.11 12:08:35.788,1.03417,1.03451,2.48,4.35
2011.07.11 12:08:35.898,1.03417,1.03454,2.25,1.35
2011.07.11 12:08:36.007,1.03417,1.03459,4.35,2.10
2011.07.11 12:08:37.458,1.03414,1.03454,3.23,2.10
2011.07.11 12:08:37.787,1.03416,1.03455,1.35,2.85
2011.07.11 12:08:39.246,1.03413,1.03455,4.73,1.35
2011.07.11 12:08:39.988,1.03414,1.03453,1.50,2.10
2011.07.11 12:08:40.538,1.03413,1.03453,2.10,6.98
2011.07.11 12:08:40.868,1.03414,1.0345,1.50,2.85
2011.07.11 12:08:41.447,1.03413,1.0345,1.50,2.85
2011.07.11 12:08:42.107,1.03413,1.03452,1.50,1.73
2011.07.11 12:08:42.565,1.03413,1.0345,1.50,1.35
2011.07.11 12:08:42.788,1.03413,1.03452,1.88,2.85
2011.07.11 12:08:42.898,1.03413,1.03458,3.98,4.35
2011.07.11 12:08:43.318,1.03414,1.03452,1.50,2.10
2011.07.11 12:08:43.857,1.03413,1.03452,2.10,4.20
2011.07.11 12:08:44.460,1.03414,1.03452,1.50,4.58
2011.07.11 12:08:45.260,1.03413,1.03452,2.10,4.20
2011.07.11 12:08:45.958,1.03414,1.03452,1.50,4.20
2011.07.11 12:08:46.508,1.03409,1.03448,2.10,2.85
2011.07.11 12:08:46.727,1.03408,1.03446,5.24,2.48
2011.07.11 12:08:47.056,1.03413,1.03445,1.50,2.85
2011.07.11 12:08:47.658,1.03414,1.03445,1.50,2.85
2011.07.11 12:08:48.686,1.03413,1.03446,1.50,2.10
2011.07.11 12:08:49.135,1.03413,1.03441,1.50,2.10
2011.07.11 12:08:49.249,1.03409,1.03441,3.74,2.10
2011.07.11 12:08:49.468,1.03409,1.03441,3.74,2.85
2011.07.11 12:08:50.123,1.03409,1.03444,1.49,2.85
2011.07.11 12:08:52.178,1.03409,1.03443,1.49,2.85
2011.07.11 12:08:52.843,1.03409,1.03444,1.49,3.00
2011.07.11 12:08:53.176,1.03409,1.03445,3.74,2.63
2011.07.11 12:08:58.667,1.03409,1.03446,1.49,2.85
2011.07.11 12:08:59.219,1.03409,1.03447,3.74,1.73
2011.07.11 12:09:00.142,1.03409,1.03447,1.49,3.23
2011.07.11 12:09:00.839,1.03414,1.03447,1.50,3.23
2011.07.11 12:09:01.467,1.03413,1.03448,1.50,2.10
2011.07.11 12:09:02.237,1.03413,1.03448,1.50,1.35
2011.07.11 12:09:04.687,1.03414,1.0345,1.50,3.23
2011.07.11 12:09:05.085,1.03414,1.0345,1.50,2.63
2011.07.11 12:09:05.204,1.03413,1.03453,1.50,2.48
2011.07.11 12:09:05.430,1.03414,1.0345,1.50,3.00
2011.07.11 12:09:05.540,1.03413,1.03445,1.50,2.63
2011.07.11 12:09:05.868,1.03414,1.03442,1.50,2.10
2011.07.11 12:09:06.409,1.03413,1.03442,1.50,2.10
2011.07.11 12:09:06.848,1.03414,1.03446,1.50,1.73
2011.07.11 12:09:07.288,1.03414,1.03446,1.50,1.35
2011.07.11 12:09:07.899,1.03413,1.03452,1.50,2.63
2011.07.11 12:09:08.010,1.03414,1.03455,1.50,2.25
2011.07.11 12:09:08.228,1.03418,1.03456,1.50,3.23
2011.07.11 12:09:11.316,1.03419,1.03454,1.50,1.13
2011.07.11 12:09:14.108,1.03418,1.03455,1.50,2.85
2011.07.11 12:09:14.698,1.03419,1.03453,1.50,3.23
2011.07.11 12:09:15.449,1.03418,1.0345,1.50,4.88
2011.07.11 12:09:15.997,1.03419,1.0345,1.50,2.85
2011.07.11 12:09:16.217,1.03418,1.03459,1.50,3.75
2011.07.11 12:09:16.327,1.03418,1.0346,1.50,3.00
2011.07.11 12:09:17.007,1.03418,1.03459,1.50,1.35
2011.07.11 12:09:18.158,1.03419,1.03459,1.50,2.85
2011.07.11 12:09:18.568,1.03419,1.03452,1.50,2.48
2011.07.11 12:09:18.787,1.03413,1.03452,1.50,2.48
2011.07.11 12:09:19.226,1.03414,1.03451,1.50,3.23
2011.07.11 12:09:19.789,1.03413,1.03451,1.50,3.23
2011.07.11 12:09:20.509,1.03414,1.03452,1.50,7.58
2011.07.11 12:09:21.199,1.03414,1.03449,1.50,4.35
2011.07.11 12:09:21.706,1.03419,1.03451,1.50,1.50
2011.07.11 12:09:22.258,1.03419,1.03457,1.50,1.73
2011.07.11 12:09:22.699,1.03413,1.03452,1.50,3.23
2011.07.11 12:09:22.807,1.03414,1.03449,1.50,2.25
2011.07.11 12:09:23.818,1.03409,1.03454,2.48,3.00
2011.07.11 12:09:24.123,1.03411,1.03454,1.35,2.25
2011.07.11 12:09:24.239,1.03411,1.03457,3.60,2.25
2011.07.11 12:09:24.790,1.03412,1.03456,2.25,1.13
2011.07.11 12:09:24.899,1.03412,1.03458,3.38,3.60
2011.07.11 12:09:25.448,1.03413,1.03457,3.38,2.25
2011.07.11 12:09:25.957,1.03415,1.03459,2.63,3.60
2011.07.11 12:09:26.572,1.03415,1.03458,2.63,1.35
2011.07.11 12:09:27.550,1.03414,1.03454,1.50,1.50
2011.07.11 12:09:27.658,1.0341,1.03451,2.63,2.10
2011.07.11 12:09:27.987,1.03408,1.03443,1.50,1.50
2011.07.11 12:09:28.099,1.03403,1.03443,1.50,1.50
2011.07.11 12:09:28.646,1.03404,1.03443,2.10,2.85
2011.07.11 12:09:28.979,1.03408,1.03448,2.10,2.85
2011.07.11 12:09:30.997,1.03403,1.03443,2.10,1.35
2011.07.11 12:09:31.112,1.03403,1.03439,1.50,2.10
2011.07.11 12:09:31.448,1.03404,1.03442,2.10,2.70
2011.07.11 12:09:31.668,1.0341,1.03446,1.35,2.25
2011.07.11 12:09:31.781,1.03409,1.03452,3.23,2.25
2011.07.11 12:09:31.889,1.03413,1.03452,2.10,3.60
2011.07.11 12:09:32.216,1.03409,1.03451,2.10,4.35
2011.07.11 12:09:32.548,1.03409,1.03449,1.50,1.73
2011.07.11 12:09:35.657,1.03408,1.03447,4.58,2.85
2011.07.11 12:09:35.988,1.03409,1.03453,3.38,2.85
2011.07.11 12:09:36.536,1.0341,1.03454,3.23,1.35
2011.07.11 12:09:36.978,1.03409,1.03454,2.85,3.60
2011.07.11 12:09:37.089,1.03409,1.0345,2.25,1.73
2011.07.11 12:09:37.420,1.03404,1.03447,2.48,2.85
2011.07.11 12:09:37.823,1.03409,1.03449,1.73,1.35
2011.07.11 12:09:38.717,1.03409,1.03454,3.60,3.98
2011.07.11 12:09:39.048,1.03408,1.0345,1.50,3.98
2011.07.11 12:09:39.636,1.03409,1.03446,1.50,2.85
2011.07.11 12:09:40.696,1.03408,1.03446,1.50,2.85
2011.07.11 12:09:42.216,1.03409,1.03446,1.50,2.85
2011.07.11 12:09:42.768,1.03408,1.03445,2.48,2.25
2011.07.11 12:09:42.878,1.03409,1.03451,2.10,1.35
2011.07.11 12:09:43.208,1.03408,1.0345,4.58,2.85
2011.07.11 12:09:43.757,1.03409,1.03445,2.10,2.25
2011.07.11 12:09:44.084,1.03409,1.03447,1.50,2.85
2011.07.11 12:09:47.248,1.03408,1.03443,1.50,1.35
2011.07.11 12:09:47.775,1.03409,1.03443,1.50,1.35
2011.07.11 12:09:48.668,1.03408,1.03443,1.50,1.35
2011.07.11 12:09:50.501,1.03408,1.0345,2.10,2.85
2011.07.11 12:09:51.617,1.0341,1.0345,1.35,2.85
2011.07.11 12:09:51.924,1.03408,1.03449,4.20,1.35
2011.07.11 12:09:53.080,1.03408,1.03449,4.58,3.60
2011.07.11 12:09:53.298,1.03411,1.03449,2.10,3.00
2011.07.11 12:09:53.957,1.03408,1.03448,4.20,1.35
2011.07.11 12:09:54.176,1.03408,1.03448,2.10,1.73
2011.07.11 12:09:54.736,1.03408,1.03448,1.50,3.23
2011.07.11 12:09:55.303,1.03408,1.03448,2.10,1.73
2011.07.11 12:09:59.248,1.03408,1.03448,2.10,3.23
2011.07.11 12:09:59.468,1.03409,1.03453,2.48,5.10
2011.07.11 12:09:59.687,1.03408,1.03453,2.85,2.63
2011.07.11 12:10:00.018,1.03409,1.03452,2.10,1.73
2011.07.11 12:10:00.566,1.03408,1.03453,6.83,3.60
2011.07.11 12:10:03.581,1.0341,1.03454,1.13,1.35
2011.07.11 12:10:04.627,1.03409,1.03448,3.23,1.35
2011.07.11 12:10:08.532,1.0341,1.03454,1.13,1.35
2011.07.11 12:10:09.981,1.03409,1.03448,3.23,1.35
2011.07.11 12:10:10.378,1.03409,1.03448,4.73,1.35
2011.07.11 12:10:10.598,1.03418,1.03455,2.10,1.35
2011.07.11 12:10:11.146,1.03409,1.03452,2.10,4.95
2011.07.11 12:10:12.119,1.0341,1.03452,1.35,4.95
2011.07.11 12:10:12.337,1.03408,1.03452,4.20,4.95
2011.07.11 12:10:12.449,1.0341,1.03452,2.10,4.95
2011.07.11 12:10:12.888,1.03408,1.03451,2.48,2.85
2011.07.11 12:10:13.108,1.03408,1.03451,2.10,2.85
2011.07.11 12:10:13.217,1.03409,1.03451,1.35,2.85
2011.07.11 12:10:14.786,1.0341,1.03454,3.23,3.00
2011.07.11 12:10:15.509,1.0341,1.03452,3.00,1.35
2011.07.11 12:10:15.948,1.03408,1.03449,3.60,1.35
2011.07.11 12:10:16.169,1.03409,1.0345,2.25,3.60
2011.07.11 12:10:16.497,1.03408,1.03448,3.60,1.35
2011.07.11 12:10:17.558,1.03408,1.03447,3.60,1.35
2011.07.11 12:10:17.667,1.03412,1.03448,1.35,3.00
2011.07.11 12:10:18.227,1.03411,1.03454,1.73,5.10
2011.07.11 12:10:18.888,1.03408,1.03449,2.10,3.23
2011.07.11 12:10:19.448,1.03403,1.03446,2.10,2.85
2011.07.11 12:10:22.508,1.03407,1.03447,1.35,3.23
2011.07.11 12:10:22.837,1.03412,1.03447,1.35,3.23
2011.07.11 12:10:23.447,1.0341,1.03445,1.35,2.10
2011.07.11 12:10:23.997,1.0341,1.03445,1.35,2.10
2011.07.11 12:10:24.548,1.03408,1.03445,2.70,2.10
2011.07.11 12:10:26.147,1.03408,1.0344,3.60,2.10
2011.07.11 12:10:26.479,1.03414,1.03445,2.10,2.25
2011.07.11 12:10:26.589,1.03414,1.03445,1.73,2.25
2011.07.11 12:10:26.700,1.03413,1.03455,3.23,2.10
2011.07.11 12:10:28.067,1.03414,1.03452,1.50,2.10
2011.07.11 12:10:28.517,1.03408,1.03452,2.48,2.10
2011.07.11 12:10:29.399,1.03411,1.03452,2.10,2.85
2011.07.11 12:10:29.728,1.03413,1.03448,2.63,1.35
2011.07.11 12:10:29.838,1.03415,1.03448,2.25,1.35
2011.07.11 12:10:30.279,1.03409,1.03454,4.73,2.48
2011.07.11 12:10:31.268,1.03409,1.03447,2.25,2.10
2011.07.11 12:10:31.702,1.03408,1.03443,1.50,4.20
2011.07.11 12:10:33.668,1.03409,1.03447,1.50,3.98
2011.07.11 12:10:33.905,1.03405,1.03447,1.35,3.98
2011.07.11 12:10:34.467,1.03403,1.03444,2.10,1.35
2011.07.11 12:10:35.812,1.03407,1.03444,2.10,1.35
2011.07.11 12:10:36.148,1.03409,1.03449,5.09,2.25
2011.07.11 12:10:36.261,1.03416,1.03449,2.10,2.25
2011.07.11 12:10:36.371,1.03418,1.03453,2.85,2.48
2011.07.11 12:10:36.480,1.03418,1.03453,2.25,1.35
2011.07.11 12:10:36.592,1.0341,1.03454,2.10,2.85
2011.07.11 12:10:37.478,1.03411,1.03452,3.75,2.10
2011.07.11 12:10:37.918,1.03414,1.03457,2.85,3.98
2011.07.11 12:10:38.781,1.03409,1.03451,2.48,2.10
2011.07.11 12:10:39.228,1.03411,1.03453,2.10,1.35
2011.07.11 12:10:40.113,1.03409,1.03451,2.48,2.10
2011.07.11 12:10:41.100,1.0341,1.03451,2.48,1.35
2011.07.11 12:10:41.428,1.0344,1.03451,2.25,2.10
2011.07.11 12:10:41.538,1.0344,1.03466,2.25,3.00
2011.07.11 12:10:41.649,1.03438,1.03466,2.25,6.02
2011.07.11 12:10:42.109,1.03427,1.03466,2.10,5.27
2011.07.11 12:10:43.888,1.03427,1.03465,2.48,2.10
2011.07.11 12:10:44.218,1.03428,1.03465,2.70,1.50
2011.07.11 12:10:44.329,1.03427,1.03466,2.10,1.50
2011.07.11 12:10:46.508,1.03427,1.03465,2.10,2.25
2011.07.11 12:10:47.362,1.03427,1.03465,2.10,1.50
2011.07.11 12:10:47.870,1.03423,1.03464,1.35,2.25
2011.07.11 12:10:49.562,1.03422,1.03464,2.85,3.00
2011.07.11 12:10:49.677,1.03423,1.03464,1.35,3.00
2011.07.11 12:10:49.788,1.03428,1.03465,2.48,1.50
2011.07.11 12:10:49.897,1.03428,1.03465,2.10,1.50
2011.07.11 12:10:50.008,1.03428,1.03465,2.10,1.50
2011.07.11 12:10:50.608,1.03427,1.03465,2.10,1.50
2011.07.11 12:10:51.058,1.03436,1.03467,2.25,2.25
2011.07.11 12:10:51.277,1.0343,1.03467,1.13,1.50
2011.07.11 12:10:51.498,1.03428,1.03467,2.10,1.50
2011.07.11 12:10:51.716,1.03427,1.03466,2.10,1.50
2011.07.11 12:10:52.047,1.03427,1.03464,2.10,1.35
2011.07.11 12:10:52.878,1.03427,1.0347,2.10,3.00
2011.07.11 12:10:53.527,1.03427,1.0347,2.10,3.00
2011.07.11 12:10:55.393,1.03427,1.0347,2.10,3.00
2011.07.11 12:10:55.838,1.03427,1.0347,2.10,3.00
2011.07.11 12:10:56.660,1.03427,1.0347,2.10,2.25
2011.07.11 12:10:56.878,1.03427,1.03469,2.10,3.00
2011.07.11 12:10:57.280,1.03427,1.03471,4.73,2.25
2011.07.11 12:10:57.717,1.03427,1.03471,4.35,1.13
2011.07.11 12:10:58.049,1.03423,1.03468,4.73,2.85
2011.07.11 12:10:59.669,1.03423,1.03466,1.88,3.75
2011.07.11 12:10:59.777,1.03427,1.03466,2.10,2.25
2011.07.11 12:10:59.999,1.03424,1.03466,1.50,1.88
2011.07.11 12:11:00.312,1.03426,1.03465,2.25,1.88
2011.07.11 12:11:00.648,1.03426,1.03461,2.25,1.13
2011.07.11 12:11:00.760,1.03418,1.03461,2.25,1.13
2011.07.11 12:11:01.090,1.03416,1.03455,3.00,1.35
2011.07.11 12:11:01.199,1.03414,1.03455,2.25,1.35
2011.07.11 12:11:01.421,1.03418,1.03457,2.70,2.25
2011.07.11 12:11:01.531,1.03418,1.03459,2.70,2.25
2011.07.11 12:11:01.639,1.03422,1.03461,2.10,2.25
2011.07.11 12:11:01.857,1.03422,1.03461,2.48,2.25
2011.07.11 12:11:01.970,1.03423,1.03467,3.00,1.50
2011.07.11 12:11:02.078,1.03424,1.03468,1.50,3.00
2011.07.11 12:11:02.541,1.03423,1.0347,2.25,3.00
2011.07.11 12:11:02.867,1.03427,1.0347,2.10,2.85
2011.07.11 12:11:03.639,1.03427,1.03469,2.70,1.35
2011.07.11 12:11:05.349,1.03427,1.03469,2.70,1.73
2011.07.11 12:11:05.460,1.03423,1.03467,3.75,3.23
2011.07.11 12:11:05.791,1.03421,1.03461,1.35,1.13
2011.07.11 12:11:06.229,1.03422,1.03462,1.73,2.70
2011.07.11 12:11:06.448,1.03429,1.03471,1.50,2.63
2011.07.11 12:11:07.298,1.03428,1.03472,1.50,2.63
2011.07.11 12:11:07.847,1.03429,1.03471,1.50,2.63
2011.07.11 12:11:08.068,1.03429,1.03473,4.13,3.45
2011.07.11 12:11:08.289,1.03434,1.03473,1.50,1.35
2011.07.11 12:11:08.864,1.03433,1.03473,1.50,1.35
2011.07.11 12:11:09.086,1.03433,1.03473,2.10,1.35
2011.07.11 12:11:10.069,1.03433,1.03471,2.10,1.35
2011.07.11 12:11:10.398,1.03434,1.03473,2.10,1.35
2011.07.11 12:11:12.188,1.03433,1.03471,2.10,3.60
2011.07.11 12:11:12.574,1.03433,1.03468,1.50,2.48
2011.07.11 12:11:12.691,1.03429,1.03467,1.50,3.23
2011.07.11 12:11:13.259,1.03428,1.03467,1.50,3.23
2011.07.11 12:11:13.587,1.03429,1.03461,1.50,1.35
2011.07.11 12:11:13.918,1.03429,1.03461,1.50,1.35
2011.07.11 12:11:14.096,1.03429,1.03461,1.50,1.35
2011.07.11 12:11:14.678,1.03429,1.03465,1.50,1.35
2011.07.11 12:11:14.789,1.03423,1.03462,2.10,3.98
2011.07.11 12:11:15.008,1.03428,1.03461,2.10,3.23
2011.07.11 12:11:15.670,1.03428,1.03461,2.10,1.35
2011.07.11 12:11:15.981,1.03429,1.03464,1.50,1.35
2011.07.11 12:11:16.527,1.03428,1.03463,3.60,1.35
2011.07.11 12:11:17.408,1.03428,1.0346,3.60,2.10
2011.07.11 12:11:17.628,1.03424,1.03458,1.88,2.25
2011.07.11 12:11:17.738,1.03428,1.03458,2.10,2.25
2011.07.11 12:11:17.959,1.03428,1.03467,2.10,3.00
2011.07.11 12:11:18.067,1.03423,1.03467,2.63,3.00
2011.07.11 12:11:18.387,1.03424,1.03468,2.63,1.50
2011.07.11 12:11:18.510,1.03424,1.03468,2.63,2.25
2011.07.11 12:11:19.097,1.03426,1.03467,2.85,1.35
2011.07.11 12:11:19.509,1.03428,1.03472,3.23,5.10
2011.07.11 12:11:19.911,1.03429,1.03467,1.50,1.35
2011.07.11 12:11:20.238,1.03426,1.03467,2.85,1.35
2011.07.11 12:11:20.457,1.03427,1.03468,2.63,1.35
2011.07.11 12:11:20.788,1.03429,1.03472,2.25,6.08
2011.07.11 12:11:21.546,1.03428,1.03469,1.50,1.35
2011.07.11 12:11:26.426,1.03428,1.03471,2.25,3.23
2011.07.11 12:11:26.897,1.03428,1.03467,3.98,2.85
2011.07.11 12:11:27.228,1.03428,1.03468,3.60,2.85
2011.07.11 12:11:27.337,1.03429,1.03468,2.25,2.85
2011.07.11 12:11:27.668,1.03429,1.03474,5.10,1.35
2011.07.11 12:11:27.887,1.03429,1.03472,5.48,1.35
2011.07.11 12:11:29.507,1.03431,1.03469,2.25,1.35
2011.07.11 12:11:30.081,1.03428,1.03468,2.70,1.35
2011.07.11 12:11:30.778,1.03425,1.03468,3.23,1.35
2011.07.11 12:11:33.417,1.03426,1.03467,1.35,2.25
2011.07.11 12:11:34.568,1.03426,1.03469,1.35,1.35
2011.07.11 12:11:34.910,1.03428,1.03469,1.35,1.35
2011.07.11 12:11:35.130,1.0343,1.03474,2.25,1.35
2011.07.11 12:11:35.679,1.03427,1.0347,1.35,3.23
2011.07.11 12:11:37.730,1.03427,1.03469,1.35,1.35
2011.07.11 12:11:38.638,1.03427,1.03468,1.35,1.50
2011.07.11 12:11:38.860,1.03419,1.03456,1.50,2.85
2011.07.11 12:11:38.969,1.03418,1.03452,1.50,2.10
2011.07.11 12:11:39.518,1.03419,1.03461,1.50,3.38
2011.07.11 12:11:40.036,1.03418,1.03461,1.50,1.89
2011.07.11 12:11:40.146,1.03418,1.03461,1.88,1.52
2011.07.11 12:11:40.367,1.03418,1.03461,1.50,1.13
2011.07.11 12:11:40.697,1.03418,1.03462,2.25,3.23
2011.07.11 12:11:42.361,1.03418,1.03462,2.25,5.48
2011.07.11 12:11:43.352,1.03419,1.03462,1.13,5.10
2011.07.11 12:11:43.689,1.03419,1.0346,2.48,1.35
2011.07.11 12:11:44.248,1.03423,1.03464,3.23,1.35
2011.07.11 12:11:46.570,1.03424,1.03467,1.13,2.85
2011.07.11 12:11:47.895,1.03423,1.03463,3.98,1.35
2011.07.11 12:11:48.008,1.03426,1.03469,3.23,1.35
2011.07.11 12:11:48.227,1.03427,1.03468,2.85,1.35
2011.07.11 12:11:50.429,1.03427,1.03468,1.35,1.35
2011.07.11 12:11:52.518,1.03429,1.03467,2.10,2.25
2011.07.11 12:11:52.627,1.03429,1.03466,2.10,2.63
2011.07.11 12:11:52.957,1.03423,1.03462,3.00,2.70
2011.07.11 12:11:55.479,1.03421,1.03462,1.35,2.70
2011.07.11 12:11:56.148,1.03419,1.03461,4.73,1.50
2011.07.11 12:11:56.479,1.03418,1.03458,1.50,2.10
2011.07.11 12:11:56.808,1.03419,1.03462,4.73,2.85
2011.07.11 12:11:57.247,1.03418,1.03461,4.20,2.48
2011.07.11 12:11:58.188,1.03423,1.03466,2.48,5.85
2011.07.11 12:11:58.409,1.03428,1.03466,3.98,3.00
2011.07.11 12:11:58.517,1.03429,1.03471,3.23,2.10
2011.07.11 12:11:59.469,1.03434,1.0347,2.10,1.35
2011.07.11 12:12:00.017,1.03434,1.03469,1.50,1.35
2011.07.11 12:12:00.349,1.03433,1.03468,1.50,3.23
2011.07.11 12:12:01.272,1.03433,1.03468,1.50,1.35
2011.07.11 12:12:01.487,1.03428,1.03467,2.10,1.35
2011.07.11 12:12:02.320,1.03428,1.03463,1.50,1.35
2011.07.11 12:12:02.648,1.03423,1.0346,2.10,1.73
2011.07.11 12:12:02.978,1.03428,1.03464,3.60,1.35
2011.07.11 12:12:03.528,1.03428,1.03459,2.10,1.35
2011.07.11 12:12:03.867,1.03428,1.03464,3.60,1.35
2011.07.11 12:12:04.089,1.03428,1.03464,1.50,1.35
2011.07.11 12:12:04.660,1.03428,1.03464,1.50,1.35
2011.07.11 12:12:05.347,1.03429,1.03464,1.50,1.35
2011.07.11 12:12:05.878,1.03429,1.03468,1.50,1.35
2011.07.11 12:12:07.359,1.03428,1.03468,1.50,1.35
2011.07.11 12:12:07.467,1.03428,1.03465,1.50,2.10
2011.07.11 12:12:07.982,1.03428,1.03467,3.98,1.50
2011.07.11 12:12:08.099,1.03428,1.03468,3.98,3.00
2011.07.11 12:12:08.208,1.03429,1.03468,2.63,1.35
2011.07.11 12:12:08.427,1.03429,1.03462,4.13,2.10
2011.07.11 12:12:08.538,1.03434,1.03473,3.23,1.35
2011.07.11 12:12:08.649,1.03438,1.03473,2.10,1.35
2011.07.11 12:12:08.867,1.03429,1.03473,5.48,1.35
2011.07.11 12:12:08.978,1.03429,1.03471,5.85,1.13
2011.07.11 12:12:09.088,1.03429,1.0347,2.25,3.23
2011.07.11 12:12:09.308,1.03429,1.0347,2.85,1.35
2011.07.11 12:12:09.978,1.03434,1.03469,1.50,3.60
2011.07.11 12:12:10.507,1.03433,1.0347,1.50,1.35
2011.07.11 12:12:10.939,1.03434,1.03468,1.50,1.13
2011.07.11 12:12:11.488,1.03434,1.03467,1.50,2.25
2011.07.11 12:12:11.599,1.03434,1.03471,1.50,5.85
2011.07.11 12:12:12.191,1.03434,1.03471,1.50,3.02
2011.07.11 12:12:12.967,1.03433,1.0347,1.50,3.00
2011.07.11 12:12:13.676,1.03433,1.03468,1.50,3.00
2011.07.11 12:12:13.843,1.03433,1.03468,1.50,2.25
2011.07.11 12:12:13.957,1.03433,1.03468,1.50,3.23
2011.07.11 12:12:14.287,1.03434,1.03469,1.50,3.00
2011.07.11 12:12:14.396,1.03434,1.03469,1.50,3.00
2011.07.11 12:12:15.197,1.03434,1.03469,2.10,3.00
2011.07.11 12:12:15.802,1.03433,1.0347,1.50,4.50
2011.07.11 12:12:16.250,1.03433,1.03469,1.50,1.73
2011.07.11 12:12:16.566,1.03428,1.03464,2.10,3.00
2011.07.11 12:12:16.682,1.03428,1.0346,2.10,1.35
2011.07.11 12:12:16.911,1.03424,1.03459,1.50,2.63
2011.07.11 12:12:17.129,1.03424,1.03456,1.50,2.25
2011.07.11 12:12:17.240,1.03424,1.0346,2.10,2.25
2011.07.11 12:12:17.457,1.03424,1.0346,2.10,1.50
2011.07.11 12:12:18.457,1.03423,1.03461,6.23,1.50
2011.07.11 12:12:19.211,1.03427,1.03461,2.70,1.52
2011.07.11 12:12:20.038,1.03427,1.03462,2.70,2.25
2011.07.11 12:12:20.869,1.03427,1.03462,3.45,2.25
2011.07.11 12:12:21.198,1.03427,1.03467,3.08,2.85
2011.07.11 12:12:21.308,1.03433,1.03468,1.50,1.35
2011.07.11 12:12:21.529,1.03429,1.03469,2.25,2.48
2011.07.11 12:12:22.438,1.03428,1.03469,1.50,5.48
2011.07.11 12:12:22.997,1.03429,1.03468,1.50,3.98
2011.07.11 12:12:23.968,1.03429,1.03468,2.10,1.35
2011.07.11 12:12:24.639,1.03429,1.03466,2.10,1.35
2011.07.11 12:12:25.189,1.03427,1.03463,1.35,1.35
2011.07.11 12:12:25.521,1.03427,1.03466,3.83,2.25
2011.07.11 12:12:25.819,1.03428,1.0347,1.88,4.50
2011.07.11 12:12:25.927,1.03427,1.03468,3.83,1.35
2011.07.11 12:12:26.588,1.03428,1.03472,4.13,1.50
2011.07.11 12:12:27.281,1.03429,1.03468,1.50,1.13
2011.07.11 12:12:27.499,1.03427,1.03468,2.85,1.13
2011.07.11 12:12:27.719,1.03427,1.03471,2.48,3.00
2011.07.11 12:12:28.478,1.03429,1.03472,2.10,3.00
2011.07.11 12:12:29.248,1.03429,1.03471,2.25,2.25
2011.07.11 12:12:30.969,1.03428,1.03471,1.88,3.00
2011.07.11 12:12:31.079,1.03428,1.03471,2.48,3.00
2011.07.11 12:12:31.518,1.03428,1.03468,1.50,1.73
2011.07.11 12:12:32.070,1.03428,1.03469,1.50,2.63
2011.07.11 12:12:32.648,1.03428,1.03468,1.50,3.98
2011.07.11 12:12:32.979,1.03428,1.03469,2.10,3.98
2011.07.11 12:12:33.447,1.03429,1.03465,2.10,1.35
2011.07.11 12:12:34.110,1.03428,1.03467,2.48,2.85
2011.07.11 12:12:34.548,1.03429,1.03465,2.10,1.35
2011.07.11 12:12:34.657,1.03429,1.03468,2.10,1.35
2011.07.11 12:12:34.909,1.03429,1.03471,2.48,3.60
2011.07.11 12:12:35.250,1.03432,1.03471,1.35,3.60
2011.07.11 12:12:35.578,1.03438,1.03476,2.70,1.35
2011.07.11 12:12:36.639,1.03438,1.03476,2.70,1.35
2011.07.11 12:12:37.142,1.03438,1.03476,2.70,1.35
2011.07.11 12:12:37.259,1.03438,1.03472,2.10,2.10
2011.07.11 12:12:37.949,1.03434,1.03468,1.50,1.35
2011.07.11 12:12:38.497,1.03433,1.03469,1.88,2.85
2011.07.11 12:12:38.970,1.03433,1.03469,2.48,1.35
2011.07.11 12:12:39.627,1.03434,1.03469,1.50,1.35
2011.07.11 12:12:40.549,1.03434,1.03469,1.50,1.35
2011.07.11 12:12:40.771,1.03434,1.03468,1.50,1.35
2011.07.11 12:12:41.207,1.03433,1.03471,2.10,2.27
2011.07.11 12:12:42.634,1.03433,1.03468,1.50,1.35
2011.07.11 12:12:43.347,1.03434,1.03471,1.50,5.10
2011.07.11 12:12:44.599,1.03434,1.03467,1.50,1.35
2011.07.11 12:12:45.947,1.03433,1.03467,1.50,1.35
2011.07.11 12:12:46.166,1.03434,1.03469,1.50,1.35
2011.07.11 12:12:46.849,1.03434,1.03467,1.50,1.35
2011.07.11 12:12:47.178,1.03428,1.03467,4.20,1.35
2011.07.11 12:12:47.288,1.03428,1.03464,3.60,1.35
2011.07.11 12:12:48.701,1.03429,1.03464,1.50,1.35
2011.07.11 12:12:49.070,1.03429,1.03465,1.50,3.00
2011.07.11 12:12:49.178,1.03428,1.03462,1.50,2.27
2011.07.11 12:12:49.401,1.03429,1.03468,1.50,2.63
2011.07.11 12:12:49.509,1.03434,1.03468,2.10,2.63
2011.07.11 12:12:49.838,1.03429,1.03467,1.50,2.85
2011.07.11 12:12:50.259,1.03428,1.03467,1.50,2.25
2011.07.11 12:12:50.368,1.03434,1.03471,1.50,2.63
2011.07.11 12:12:51.915,1.03433,1.03471,1.50,3.23
2011.07.11 12:12:52.027,1.03433,1.03471,1.50,2.85
2011.07.11 12:12:52.803,1.03433,1.03467,1.50,2.85
2011.07.11 12:12:53.029,1.03434,1.03471,1.50,3.00
2011.07.11 12:12:53.138,1.03433,1.03471,1.50,2.25
2011.07.11 12:12:53.728,1.03434,1.03471,1.50,2.25
2011.07.11 12:12:54.678,1.03434,1.03471,1.50,3.00
2011.07.11 12:12:54.789,1.03434,1.03473,2.10,5.10
2011.07.11 12:12:55.337,1.03439,1.03475,1.50,3.00
2011.07.11 12:12:56.128,1.03438,1.03472,1.50,1.35
2011.07.11 12:12:57.316,1.03439,1.03472,1.50,1.35
2011.07.11 12:12:57.428,1.03433,1.03472,1.50,1.35
2011.07.11 12:12:58.010,1.03434,1.03472,1.50,1.35
2011.07.11 12:12:58.894,1.03433,1.03472,1.50,1.35
2011.07.11 12:12:59.231,1.03434,1.03475,3.60,1.35
2011.07.11 12:12:59.669,1.03434,1.03469,1.50,1.35
2011.07.11 12:13:00.887,1.03438,1.03469,1.50,1.35
2011.07.11 12:13:01.519,1.03439,1.03469,1.50,1.35
2011.07.11 12:13:01.957,1.03439,1.03476,2.10,2.10
2011.07.11 12:13:02.177,1.03439,1.03469,1.50,1.35
2011.07.11 12:13:02.745,1.03438,1.03469,1.50,1.35
2011.07.11 12:13:03.409,1.03438,1.03472,1.50,1.35
2011.07.11 12:13:03.518,1.03438,1.03469,1.50,1.35
2011.07.11 12:13:04.067,1.03439,1.03468,1.50,1.35
2011.07.11 12:13:04.699,1.03439,1.03474,1.50,1.35
2011.07.11 12:13:04.810,1.03439,1.03472,1.50,1.35
2011.07.11 12:13:05.271,1.03433,1.03469,1.50,1.73
2011.07.11 12:13:05.817,1.03434,1.03467,1.50,2.85
2011.07.11 12:13:06.257,1.03434,1.03469,1.50,3.98
2011.07.11 12:13:06.809,1.03434,1.03467,1.50,2.63
2011.07.11 12:13:06.920,1.03424,1.03467,2.85,2.25
2011.07.11 12:13:07.029,1.03429,1.03467,2.48,2.25
2011.07.11 12:13:07.137,1.03429,1.03469,2.48,1.35
2011.07.11 12:13:07.359,1.03428,1.0347,1.88,2.25
2011.07.11 12:13:07.578,1.03429,1.0347,2.10,2.25
2011.07.11 12:13:07.689,1.03429,1.03473,4.73,3.45
2011.07.11 12:13:08.731,1.03429,1.0347,2.10,2.25
2011.07.11 12:13:08.948,1.03429,1.0347,1.50,2.25
2011.07.11 12:13:09.337,1.03429,1.0347,2.10,2.25
2011.07.11 12:13:09.451,1.0343,1.03474,3.23,3.60
2011.07.11 12:13:10.459,1.0343,1.03471,3.23,1.50
2011.07.11 12:13:10.681,1.03428,1.0347,7.20,1.35
2011.07.11 12:13:11.213,1.03428,1.03467,1.50,2.10
2011.07.11 12:13:11.548,1.03425,1.03464,1.35,2.85
2011.07.11 12:13:11.658,1.03424,1.03467,2.48,3.60
2011.07.11 12:13:11.880,1.03432,1.0347,2.10,2.25
2011.07.11 12:13:12.539,1.03428,1.03469,2.10,2.85
2011.07.11 12:13:13.713,1.03429,1.0347,1.50,2.85
2011.07.11 12:13:14.677,1.03428,1.03468,1.50,1.35
2011.07.11 12:13:14.896,1.03428,1.03467,1.50,1.35
2011.07.11 12:13:15.226,1.03429,1.03467,1.50,1.35
2011.07.11 12:13:15.977,1.03429,1.03468,1.50,1.35
2011.07.11 12:13:16.839,1.03429,1.03469,1.50,3.00
2011.07.11 12:13:17.399,1.03428,1.0347,1.88,3.00
2011.07.11 12:13:17.947,1.03428,1.03469,1.88,3.00
2011.07.11 12:13:18.607,1.03429,1.0347,1.88,2.25
2011.07.11 12:13:19.543,1.03429,1.0347,1.13,2.25
2011.07.11 12:13:19.789,1.03432,1.0347,1.13,1.50
2011.07.11 12:13:19.899,1.03438,1.0347,2.10,1.50
2011.07.11 12:13:20.341,1.03434,1.0347,1.50,3.75
2011.07.11 12:13:20.448,1.03429,1.0347,1.50,3.75
2011.07.11 12:13:21.648,1.03429,1.0347,1.50,3.75
2011.07.11 12:13:22.127,1.03434,1.0347,1.50,3.75
2011.07.11 12:13:22.458,1.03434,1.0347,1.50,2.25
2011.07.11 12:13:23.096,1.03433,1.0347,1.50,1.50
2011.07.11 12:13:24.628,1.03433,1.0347,2.25,1.50
2011.07.11 12:13:24.849,1.03448,1.0348,2.48,3.00
2011.07.11 12:13:25.068,1.03448,1.03492,6.23,1.50
2011.07.11 12:13:25.177,1.03448,1.03493,6.23,3.00
2011.07.11 12:13:25.397,1.03448,1.03493,6.23,3.00
2011.07.11 12:13:25.680,1.03448,1.03493,6.23,3.00
2011.07.11 12:13:25.910,1.03448,1.03493,6.23,3.00
2011.07.11 12:13:26.427,1.03449,1.03493,1.88,3.00
2011.07.11 12:13:26.758,1.03449,1.0349,1.50,2.63
2011.07.11 12:13:26.869,1.03449,1.0349,1.88,2.25
2011.07.11 12:13:27.199,1.03458,1.03496,2.48,3.75
2011.07.11 12:13:27.527,1.03458,1.03498,2.48,3.00
2011.07.11 12:13:27.858,1.03458,1.03498,2.10,2.25
2011.07.11 12:13:28.308,1.03458,1.03499,2.48,3.00
2011.07.11 12:13:28.838,1.03463,1.03501,1.50,3.00
2011.07.11 12:13:29.427,1.03464,1.03501,1.50,3.00
2011.07.11 12:13:30.075,1.03464,1.03501,1.50,3.00
2011.07.11 12:13:30.798,1.03463,1.03501,1.50,3.00
2011.07.11 12:13:30.907,1.03463,1.03501,1.50,3.00
2011.07.11 12:13:32.239,1.03471,1.03502,2.25,2.85
2011.07.11 12:13:32.348,1.03471,1.03502,2.25,2.85
2011.07.11 12:13:32.678,1.03473,1.03502,2.25,2.85
2011.07.11 12:13:33.009,1.03476,1.03502,2.25,2.85
2011.07.11 12:13:33.338,1.03478,1.03502,2.25,2.85
2011.07.11 12:13:33.558,1.03475,1.03502,2.25,2.85
2011.07.11 12:13:33.997,1.03473,1.03502,2.25,2.85
2011.07.11 12:13:34.479,1.03475,1.03499,2.25,1.13
2011.07.11 12:13:34.895,1.03473,1.03492,2.25,2.10
2011.07.11 12:13:35.119,1.03472,1.03501,2.25,4.14
2011.07.11 12:13:35.228,1.03467,1.03499,2.25,3.00
2011.07.11 12:13:35.337,1.03464,1.03499,1.50,3.00
2011.07.11 12:13:36.459,1.03463,1.03499,1.50,3.00
2011.07.11 12:13:37.007,1.03464,1.03501,1.50,3.00
2011.07.11 12:13:37.978,1.03463,1.03501,1.50,1.50
2011.07.11 12:13:39.343,1.03464,1.03501,1.50,3.75
2011.07.11 12:13:39.855,1.03463,1.03502,1.50,5.87
2011.07.11 12:13:40.662,1.03464,1.035,1.50,3.00
2011.07.11 12:13:40.887,1.03464,1.035,1.50,3.00
2011.07.11 12:13:41.216,1.03453,1.03492,1.50,2.85
2011.07.11 12:13:42.145,1.03453,1.03492,2.25,2.85
2011.07.11 12:13:42.255,1.03458,1.03494,2.48,3.00
2011.07.11 12:13:42.364,1.03464,1.03501,1.50,3.02
2011.07.11 12:13:42.944,1.03463,1.035,1.50,3.00
2011.07.11 12:13:43.364,1.03459,1.03498,1.50,3.00
2011.07.11 12:13:44.587,1.03459,1.035,1.50,3.00
2011.07.11 12:13:45.147,1.03458,1.035,1.88,3.00
2011.07.11 12:13:45.855,1.03458,1.03502,1.88,3.77
2011.07.11 12:13:46.296,1.03459,1.03501,1.88,3.75
2011.07.11 12:13:46.406,1.03463,1.03499,1.50,1.50
2011.07.11 12:13:46.735,1.03463,1.03496,1.50,2.63
2011.07.11 12:13:47.339,1.03463,1.03495,1.50,1.13
2011.07.11 12:13:47.677,1.03458,1.03493,1.50,3.00
2011.07.11 12:13:48.038,1.03458,1.03495,1.50,6.38
2011.07.11 12:13:48.587,1.03458,1.03496,1.50,3.00
2011.07.11 12:13:50.535,1.03458,1.03498,1.50,3.00
2011.07.11 12:13:51.136,1.03459,1.03498,1.50,3.00
2011.07.11 12:13:51.245,1.03458,1.035,1.50,4.88
2011.07.11 12:13:51.465,1.03459,1.03494,1.50,1.13
2011.07.11 12:13:52.575,1.03459,1.03499,1.50,3.00
2011.07.11 12:13:54.276,1.03458,1.03497,1.50,3.00
2011.07.11 12:13:54.664,1.03458,1.03497,1.88,3.00
2011.07.11 12:13:56.876,1.03459,1.035,1.50,1.88
2011.07.11 12:13:57.655,1.03458,1.035,1.50,1.13
2011.07.11 12:13:57.768,1.03459,1.03501,4.13,1.50
2011.07.11 12:13:58.376,1.03468,1.03503,2.10,3.00
2011.07.11 12:13:59.657,1.03463,1.03504,1.88,3.00
2011.07.11 12:14:00.148,1.03463,1.03505,1.50,1.13
2011.07.11 12:14:00.255,1.03464,1.03506,1.88,2.25
2011.07.11 12:14:00.584,1.03468,1.03506,2.10,1.50
2011.07.11 12:14:01.697,1.03468,1.03506,2.10,1.50
2011.07.11 12:14:02.906,1.03468,1.03506,2.10,1.50
2011.07.11 12:14:07.567,1.03464,1.03501,1.50,1.13
2011.07.11 12:14:08.465,1.03463,1.035,1.50,3.00
2011.07.11 12:14:09.186,1.03464,1.03501,1.50,1.13
2011.07.11 12:14:09.626,1.03464,1.03501,1.50,2.63
2011.07.11 12:14:10.716,1.03464,1.03501,1.50,3.38
2011.07.11 12:14:11.264,1.03463,1.035,1.50,1.13
2011.07.11 12:14:11.937,1.03464,1.035,1.50,1.13
2011.07.11 12:14:12.456,1.03463,1.03498,1.50,3.00
2011.07.11 12:14:12.675,1.03458,1.03498,3.60,3.00
2011.07.11 12:14:13.585,1.03459,1.03499,1.50,3.00
2011.07.11 12:14:14.135,1.03458,1.03502,6.23,3.00
2011.07.11 12:14:14.246,1.03459,1.03502,1.88,3.00
2011.07.11 12:14:14.685,1.03459,1.03502,2.25,3.00
2011.07.11 12:14:15.014,1.03467,1.03505,2.10,1.50
2011.07.11 12:14:15.356,1.03463,1.03503,1.50,3.75
2011.07.11 12:14:15.904,1.03464,1.03503,1.50,3.75
2011.07.11 12:14:16.283,1.03464,1.03503,1.50,3.00
2011.07.11 12:14:16.410,1.03463,1.03504,2.25,2.25
2011.07.11 12:14:16.636,1.03463,1.03504,1.50,3.00
2011.07.11 12:14:17.185,1.03463,1.03506,2.25,3.75
2011.07.11 12:14:17.845,1.03468,1.03507,6.23,1.50
2011.07.11 12:14:18.177,1.03468,1.03506,1.50,3.00
2011.07.11 12:14:18.506,1.03468,1.03509,1.88,3.00
2011.07.11 12:14:18.725,1.03469,1.03512,2.25,3.00
2011.07.11 12:14:18.947,1.03477,1.03513,2.10,1.13
2011.07.11 12:14:19.167,1.03468,1.03509,1.50,2.25
2011.07.11 12:14:19.276,1.03469,1.03509,3.00,2.25
2011.07.11 12:14:19.588,1.03472,1.03513,2.63,2.10
2011.07.11 12:14:19.915,1.03473,1.03512,1.50,1.13
2011.07.11 12:14:20.246,1.03474,1.03512,1.88,2.85
2011.07.11 12:14:20.575,1.03469,1.0351,2.63,1.50
2011.07.11 12:14:20.686,1.03469,1.0351,1.88,1.50
2011.07.11 12:14:21.237,1.03468,1.0351,3.60,1.13
2011.07.11 12:14:21.675,1.03463,1.03507,2.25,2.25
2011.07.11 12:14:21.896,1.03469,1.0351,1.50,2.63
2011.07.11 12:14:22.448,1.03468,1.03508,1.88,2.25
2011.07.11 12:14:22.557,1.03468,1.03511,1.88,2.25
2011.07.11 12:14:23.339,1.03469,1.03512,2.63,2.10
2011.07.11 12:14:23.557,1.03469,1.03512,1.13,2.10
2011.07.11 12:14:23.924,1.03468,1.03512,3.98,2.85
2011.07.11 12:14:24.226,1.03469,1.03512,1.13,2.10
2011.07.11 12:14:24.505,1.03468,1.03512,3.98,2.10
2011.07.11 12:14:25.675,1.03468,1.03512,3.98,2.85
2011.07.11 12:14:27.325,1.03468,1.03507,4.35,2.25
2011.07.11 12:14:27.877,1.03469,1.03509,2.25,4.88
2011.07.11 12:14:28.776,1.03468,1.03509,1.88,3.00
2011.07.11 12:14:29.067,1.03468,1.03509,1.50,3.00
2011.07.11 12:14:29.287,1.03463,1.03507,4.13,3.00
2011.07.11 12:14:29.617,1.03472,1.03508,1.13,2.25
2011.07.11 12:14:29.946,1.03471,1.03515,3.00,1.13
2011.07.11 12:14:30.056,1.03471,1.03515,3.00,1.13
2011.07.11 12:14:30.387,1.03463,1.03502,1.50,2.10
2011.07.11 12:14:30.608,1.03464,1.03507,1.50,2.94
2011.07.11 12:14:30.824,1.03459,1.03505,1.50,2.94
2011.07.11 12:14:30.936,1.0346,1.03505,2.94,2.25
2011.07.11 12:14:31.268,1.03463,1.03507,2.19,2.25
2011.07.11 12:14:31.596,1.03463,1.03509,5.19,3.69
2011.07.11 12:14:32.005,1.03466,1.03509,1.44,2.25
2011.07.11 12:14:32.240,1.03468,1.03512,2.25,2.10
2011.07.11 12:14:32.468,1.03469,1.03513,1.44,2.85
2011.07.11 12:14:33.184,1.03473,1.03518,4.44,4.44
2011.07.11 12:14:33.627,1.03474,1.03509,1.50,1.44
2011.07.11 12:14:33.848,1.03468,1.03508,1.50,1.50
2011.07.11 12:14:33.957,1.03468,1.03503,1.50,2.10
2011.07.11 12:14:34.285,1.03458,1.03503,4.50,5.79
2011.07.11 12:14:34.395,1.03458,1.03503,5.19,5.10
2011.07.11 12:14:34.506,1.03459,1.03503,1.50,4.35
2011.07.11 12:14:35.525,1.03458,1.03503,2.19,3.00
2011.07.11 12:14:35.648,1.03458,1.03503,2.19,3.00
2011.07.11 12:14:36.196,1.03459,1.035,1.50,1.50
2011.07.11 12:14:36.306,1.03457,1.035,2.85,1.50
2011.07.11 12:14:36.525,1.03459,1.03499,1.50,3.00
2011.07.11 12:14:37.106,1.03463,1.03501,1.50,3.00
2011.07.11 12:14:37.863,1.03464,1.03502,1.50,3.00
2011.07.11 12:14:38.084,1.03458,1.03502,3.75,4.50
2011.07.11 12:14:38.636,1.03458,1.035,1.50,1.50
2011.07.11 12:14:39.146,1.03459,1.035,1.50,2.25
2011.07.11 12:14:39.476,1.03458,1.03499,1.50,3.00
2011.07.11 12:14:40.096,1.03458,1.03498,1.50,2.25
2011.07.11 12:14:40.210,1.0346,1.03502,2.25,2.85
2011.07.11 12:14:40.957,1.03459,1.03502,1.50,5.10
2011.07.11 12:14:41.505,1.03458,1.03501,3.60,3.00
2011.07.11 12:14:41.725,1.03458,1.03502,3.60,2.85
2011.07.11 12:14:41.837,1.03458,1.03493,1.50,2.10
2011.07.11 12:14:41.979,1.03453,1.03493,1.50,2.10
2011.07.11 12:14:42.978,1.03454,1.03493,1.50,2.85
2011.07.11 12:14:43.488,1.03454,1.03493,2.25,2.10
2011.07.11 12:14:44.147,1.03454,1.03493,1.50,2.85
2011.07.11 12:14:46.006,1.03449,1.03483,2.25,2.10
2011.07.11 12:14:46.115,1.03444,1.03483,2.25,2.10
2011.07.11 12:14:46.226,1.03444,1.03483,2.25,2.10
2011.07.11 12:14:46.445,1.03447,1.03489,4.35,1.50
2011.07.11 12:14:46.555,1.03447,1.03486,5.10,3.00
2011.07.11 12:14:46.885,1.03438,1.03483,2.25,2.10
2011.07.11 12:14:47.348,1.03449,1.03486,2.25,2.25
2011.07.11 12:14:47.459,1.03449,1.03493,2.25,2.10
2011.07.11 12:14:47.568,1.0346,1.03507,2.25,5.25
2011.07.11 12:14:47.676,1.03464,1.03507,1.50,3.75
2011.07.11 12:14:47.897,1.03463,1.03507,1.50,3.00
2011.07.11 12:14:49.605,1.03463,1.03502,1.50,3.00
2011.07.11 12:14:50.516,1.03463,1.03502,1.50,3.00
2011.07.11 12:14:51.134,1.03457,1.03502,5.10,3.00
2011.07.11 12:14:52.115,1.03458,1.03505,2.25,3.00
2011.07.11 12:14:52.225,1.03454,1.03501,2.25,3.00
2011.07.11 12:14:52.665,1.03456,1.03501,3.00,2.25
2011.07.11 12:14:53.227,1.03453,1.035,3.00,2.25
2011.07.11 12:14:53.446,1.03456,1.03501,3.00,2.25
2011.07.11 12:14:53.665,1.03464,1.03504,2.25,3.00
2011.07.11 12:14:53.989,1.03457,1.03503,3.00,2.85
2011.07.11 12:14:54.206,1.03465,1.03503,2.25,2.85
2011.07.11 12:14:54.535,1.03465,1.0351,3.00,3.00
2011.07.11 12:14:54.645,1.03463,1.03508,2.25,3.00
2011.07.11 12:14:54.865,1.03461,1.03506,5.25,3.00
2011.07.11 12:14:55.366,1.03461,1.03508,3.00,2.25
2011.07.11 12:14:55.517,1.03461,1.03508,2.25,3.00
2011.07.11 12:14:55.629,1.03457,1.03502,2.10,2.25
2011.07.11 12:14:56.716,1.03468,1.03509,2.10,3.00
2011.07.11 12:14:56.827,1.03468,1.03509,2.10,3.00
2011.07.11 12:14:57.156,1.03462,1.03509,2.25,3.00
2011.07.11 12:14:57.265,1.0346,1.03506,3.00,2.25
2011.07.11 12:14:57.596,1.03458,1.03502,5.10,2.10
2011.07.11 12:14:57.925,1.03467,1.03511,2.10,3.00
2011.07.11 12:14:58.036,1.03469,1.03513,2.25,2.10
2011.07.11 12:14:58.257,1.03467,1.03513,2.10,3.00
2011.07.11 12:14:59.087,1.03467,1.03508,2.10,2.25
2011.07.11 12:14:59.526,1.03462,1.03509,3.00,3.00
2011.07.11 12:14:59.746,1.03462,1.03502,3.00,2.10
2011.07.11 12:14:59.856,1.03463,1.03507,2.25,2.63
2011.07.11 12:14:59.965,1.03463,1.03507,2.63,2.25
2011.07.11 12:15:00.456,1.03467,1.0351,2.10,2.63
2011.07.11 12:15:00.677,1.03467,1.03513,5.48,2.85
2011.07.11 12:15:00.785,1.03467,1.03513,4.73,2.85
2011.07.11 12:15:00.949,1.03467,1.03513,4.73,2.10
2011.07.11 12:15:01.226,1.03469,1.03513,2.25,2.10
2011.07.11 12:15:01.597,1.03469,1.03513,3.00,2.85
2011.07.11 12:15:01.947,1.03469,1.03513,2.25,5.10
2011.07.11 12:15:02.057,1.03466,1.0351,3.00,2.63
2011.07.11 12:15:02.606,1.03466,1.03511,3.00,2.63
2011.07.11 12:15:02.715,1.03466,1.03511,2.25,3.00
2011.07.11 12:15:03.047,1.03464,1.03508,2.63,2.25
2011.07.11 12:15:03.347,1.03461,1.03502,1.13,2.10
2011.07.11 12:15:03.677,1.03469,1.03512,2.63,4.35
2011.07.11 12:15:03.898,1.03469,1.03512,3.00,3.00
2011.07.11 12:15:04.226,1.03472,1.03515,2.25,1.13
2011.07.11 12:15:04.445,1.03468,1.03513,2.63,2.25
2011.07.11 12:15:04.884,1.03471,1.03516,2.25,2.63
2011.07.11 12:15:05.215,1.03472,1.03517,2.63,3.00
2011.07.11 12:15:05.579,1.03471,1.03515,2.25,3.38
2011.07.11 12:15:06.125,1.0347,1.03515,2.25,3.38
2011.07.11 12:15:06.566,1.03472,1.03514,2.25,1.13
2011.07.11 12:15:06.894,1.03468,1.03513,3.00,2.48
2011.07.11 12:15:07.966,1.03468,1.03513,3.38,2.48
2011.07.11 12:15:08.566,1.03468,1.03512,5.48,2.10
2011.07.11 12:15:08.952,1.03468,1.03512,5.48,2.10
2011.07.11 12:15:10.047,1.03471,1.03512,3.38,2.10
2011.07.11 12:15:10.438,1.03474,1.03512,3.00,2.10
2011.07.11 12:15:10.858,1.03474,1.03518,2.25,2.25
2011.07.11 12:15:10.965,1.03475,1.03522,4.50,2.63
2011.07.11 12:15:11.076,1.03477,1.03522,2.25,2.63
2011.07.11 12:15:11.406,1.03475,1.03521,2.25,2.63
2011.07.11 12:15:11.516,1.03473,1.03519,1.88,3.00
2011.07.11 12:15:11.845,1.03474,1.03513,1.50,2.10
2011.07.11 12:15:12.175,1.03474,1.03514,2.25,2.25
2011.07.11 12:15:12.396,1.03477,1.03519,2.48,3.00
2011.07.11 12:15:12.807,1.03477,1.0352,2.25,1.13
2011.07.11 12:15:12.919,1.03474,1.03519,2.25,3.00
2011.07.11 12:15:13.279,1.03476,1.03521,3.00,2.63
2011.07.11 12:15:13.863,1.03474,1.0352,4.50,1.13
2011.07.11 12:15:14.196,1.03478,1.03523,2.63,5.10
2011.07.11 12:15:15.151,1.03481,1.03524,2.63,3.00
2011.07.11 12:15:15.268,1.03481,1.03522,2.25,2.10
2011.07.11 12:15:15.487,1.0348,1.03526,3.00,3.00
2011.07.11 12:15:15.814,1.03483,1.03528,2.63,3.00
2011.07.11 12:15:16.036,1.03483,1.03528,2.63,3.00
2011.07.11 12:15:16.259,1.03487,1.03532,2.25,2.48
2011.07.11 12:15:16.476,1.03486,1.03523,2.25,2.10
2011.07.11 12:15:16.585,1.03481,1.03523,2.25,2.10
2011.07.11 12:15:16.826,1.03479,1.03523,2.25,2.10
2011.07.11 12:15:17.379,1.03478,1.03523,3.00,4.73
2011.07.11 12:15:17.707,1.03477,1.03521,3.00,2.63
2011.07.11 12:15:17.926,1.03474,1.03521,3.38,2.63
2011.07.11 12:15:18.116,1.03479,1.03521,1.13,2.25
2011.07.11 12:15:18.445,1.03487,1.03521,2.10,2.25
2011.07.11 12:15:18.556,1.03487,1.03527,2.10,2.25
2011.07.11 12:15:18.996,1.03483,1.03529,1.13,3.00
2011.07.11 12:15:19.325,1.03482,1.03526,2.63,2.25
2011.07.11 12:15:19.806,1.03482,1.03529,2.63,3.00
2011.07.11 12:15:19.914,1.03482,1.03529,2.63,3.00
2011.07.11 12:15:20.134,1.03482,1.03529,2.63,3.00
2011.07.11 12:15:20.244,1.03482,1.03529,2.25,3.38
2011.07.11 12:15:20.575,1.03475,1.0352,3.00,2.63
2011.07.11 12:15:21.126,1.03477,1.0352,2.85,2.25
2011.07.11 12:15:21.235,1.03478,1.03522,3.00,2.25
2011.07.11 12:15:21.565,1.03483,1.03528,2.63,2.25
2011.07.11 12:15:22.165,1.03483,1.03524,2.25,1.13
2011.07.11 12:15:22.385,1.03479,1.03524,2.63,1.13
2011.07.11 12:15:22.679,1.03479,1.03522,2.25,2.63
2011.07.11 12:15:22.798,1.03475,1.0352,3.00,2.63
2011.07.11 12:15:22.919,1.03475,1.0352,2.25,2.63
2011.07.11 12:15:23.038,1.03478,1.03522,2.63,2.10
2011.07.11 12:15:23.477,1.03488,1.03524,2.10,3.00
2011.07.11 12:15:24.027,1.03487,1.03529,2.10,3.38
2011.07.11 12:15:24.329,1.03487,1.03529,2.10,3.38
2011.07.11 12:15:25.359,1.03487,1.03529,2.48,3.00
2011.07.11 12:15:25.576,1.03487,1.03529,2.10,3.00
2011.07.11 12:15:26.027,1.03487,1.03527,2.10,2.63
2011.07.11 12:15:26.136,1.03481,1.03524,3.00,1.13
2011.07.11 12:15:26.247,1.03484,1.03527,2.63,3.00
2011.07.11 12:15:26.587,1.03487,1.03528,2.10,3.00
2011.07.11 12:15:27.176,1.03487,1.03528,2.10,2.25
2011.07.11 12:15:28.926,1.03487,1.03528,2.48,3.00
2011.07.11 12:15:29.256,1.03487,1.03531,4.35,1.13
2011.07.11 12:15:30.368,1.03487,1.03531,2.85,2.63
2011.07.11 12:15:30.956,1.03487,1.03531,2.48,2.25
2011.07.11 12:15:31.177,1.03487,1.03531,2.85,2.25
2011.07.11 12:15:31.287,1.0349,1.03534,2.63,3.00
2011.07.11 12:15:31.397,1.03498,1.03536,2.10,3.00
2011.07.11 12:15:32.265,1.03498,1.03537,2.10,2.25
2011.07.11 12:15:33.587,1.03498,1.03538,2.85,2.25
2011.07.11 12:15:33.695,1.03498,1.03538,2.10,2.25
2011.07.11 12:15:34.027,1.03498,1.03535,2.10,2.63
2011.07.11 12:15:34.135,1.03489,1.03535,1.13,2.63
2011.07.11 12:15:34.246,1.03488,1.03535,3.00,3.00
2011.07.11 12:15:34.859,1.03484,1.0353,2.25,2.63
2011.07.11 12:15:35.296,1.03484,1.03527,2.25,2.63
2011.07.11 12:15:35.406,1.03484,1.03527,2.25,2.63
2011.07.11 12:15:35.736,1.03484,1.0353,1.50,2.63
2011.07.11 12:15:35.845,1.03484,1.0353,1.50,3.00
2011.07.11 12:15:36.176,1.03483,1.03528,3.75,3.00
2011.07.11 12:15:36.289,1.03488,1.03528,2.10,2.25
2011.07.11 12:15:36.395,1.03488,1.03533,5.85,3.38
2011.07.11 12:15:36.505,1.03488,1.03533,5.85,3.75
2011.07.11 12:15:37.277,1.03488,1.0353,2.25,2.63
2011.07.11 12:15:37.385,1.03488,1.0353,1.50,2.63
2011.07.11 12:15:38.157,1.03488,1.03528,1.50,2.63
2011.07.11 12:15:41.304,1.03488,1.03528,1.50,1.13
2011.07.11 12:15:41.697,1.03488,1.03529,1.50,1.13
2011.07.11 12:15:43.729,1.03488,1.03528,1.50,1.13
2011.07.11 12:15:44.947,1.03488,1.0353,1.50,3.38
2011.07.11 12:15:46.305,1.03489,1.0353,1.50,5.63
2011.07.11 12:15:46.855,1.03488,1.03532,3.98,3.00
2011.07.11 12:15:47.404,1.03488,1.03529,1.50,1.13
2011.07.11 12:15:49.926,1.03489,1.03529,2.25,2.63
2011.07.11 12:15:50.254,1.03489,1.03531,2.25,2.25
2011.07.11 12:15:50.365,1.03491,1.03531,1.13,2.25
2011.07.11 12:15:50.477,1.03491,1.03533,1.13,3.00
2011.07.11 12:15:50.915,1.03489,1.03532,1.50,2.25
2011.07.11 12:15:51.025,1.03491,1.03532,1.13,2.25
2011.07.11 12:15:51.356,1.03497,1.03532,2.10,2.25
2011.07.11 12:15:51.688,1.03499,1.03537,1.50,2.25
2011.07.11 12:15:52.246,1.03498,1.03537,1.50,2.25
2011.07.11 12:15:52.464,1.03499,1.03537,1.50,3.00
2011.07.11 12:15:52.577,1.03499,1.03538,1.50,2.63
2011.07.11 12:15:53.377,1.03498,1.03538,1.50,2.63
2011.07.11 12:15:53.925,1.03498,1.03536,1.50,2.25
2011.07.11 12:15:54.764,1.03499,1.03536,1.50,2.25
2011.07.11 12:15:56.055,1.03496,1.03536,1.35,2.85
2011.07.11 12:15:56.166,1.03493,1.03536,2.10,3.60
2011.07.11 12:15:56.705,1.03494,1.03532,2.10,2.25
2011.07.11 12:15:57.035,1.03494,1.03535,2.10,3.00
2011.07.11 12:15:57.376,1.03493,1.03534,1.88,2.25
2011.07.11 12:15:57.926,1.03493,1.03534,1.88,4.50
2011.07.11 12:15:58.568,1.03494,1.03534,1.50,4.50
2011.07.11 12:15:58.785,1.03494,1.03534,1.50,4.50
2011.07.11 12:15:59.375,1.03493,1.03534,1.88,4.50
2011.07.11 12:16:00.039,1.03494,1.03532,1.50,2.25
2011.07.11 12:16:00.585,1.03493,1.03532,1.50,2.25
2011.07.11 12:16:01.665,1.03493,1.03529,1.50,1.35
2011.07.11 12:16:02.216,1.03499,1.03527,1.50,4.13
2011.07.11 12:16:02.545,1.03493,1.03522,1.50,3.08
2011.07.11 12:16:02.655,1.03489,1.03522,1.50,3.08
2011.07.11 12:16:03.164,1.03488,1.03528,1.50,4.73
2011.07.11 12:16:04.295,1.03489,1.03528,1.50,5.10
2011.07.11 12:16:04.408,1.03494,1.03528,1.50,2.85
2011.07.11 12:16:04.517,1.03499,1.03531,1.50,3.60
2011.07.11 12:16:05.067,1.03498,1.03529,1.50,1.88
2011.07.11 12:16:05.175,1.03493,1.03529,1.50,1.88
2011.07.11 12:16:06.066,1.03494,1.03528,1.50,1.13
2011.07.11 12:16:06.646,1.03493,1.0353,1.50,1.35
2011.07.11 12:16:07.196,1.03494,1.03532,1.50,1.13
2011.07.11 12:16:07.305,1.03498,1.03532,1.50,1.13
2011.07.11 12:16:09.126,1.03498,1.03534,1.50,1.73
2011.07.11 12:16:09.674,1.03498,1.03534,1.50,1.35
2011.07.11 12:16:10.647,1.03498,1.03537,2.10,6.09
2011.07.11 12:16:10.759,1.03508,1.03536,1.50,1.52
2011.07.11 12:16:10.977,1.03508,1.03537,1.50,1.59
2011.07.11 12:16:11.085,1.03514,1.03536,1.50,1.59
2011.07.11 12:16:12.905,1.03513,1.03537,1.50,1.59
2011.07.11 12:16:13.494,1.03514,1.03536,1.50,1.59
2011.07.11 12:16:14.361,1.03513,1.03537,1.50,1.59
2011.07.11 12:16:14.696,1.03508,1.03535,1.50,2.10
2011.07.11 12:16:15.026,1.03509,1.03528,1.50,2.10
2011.07.11 12:16:15.139,1.03499,1.03533,1.50,2.85
2011.07.11 12:16:15.686,1.03498,1.03536,1.50,3.62
2011.07.11 12:16:16.792,1.03503,1.03537,1.50,4.44
2011.07.11 12:16:17.404,1.03503,1.03536,1.50,1.37
2011.07.11 12:16:17.517,1.03503,1.03536,1.50,1.52
2011.07.11 12:16:17.625,1.03503,1.03537,1.50,1.59
2011.07.11 12:16:17.735,1.03504,1.03536,1.50,1.58
2011.07.11 12:16:18.066,1.03503,1.03537,1.50,2.57
2011.07.11 12:16:18.725,1.03504,1.03536,1.50,2.19
2011.07.11 12:16:18.944,1.03503,1.03537,1.50,1.59
2011.07.11 12:16:19.497,1.03503,1.03537,1.50,2.19
2011.07.11 12:16:19.949,1.03503,1.03537,2.10,1.59
2011.07.11 12:16:21.265,1.03504,1.03537,2.10,1.59
2011.07.11 12:16:21.817,1.03504,1.03536,1.50,4.44
2011.07.11 12:16:21.925,1.03494,1.03532,2.25,1.35
2011.07.11 12:16:22.036,1.03494,1.0353,1.50,1.13
2011.07.11 12:16:22.390,1.03494,1.03529,1.50,2.25
2011.07.11 12:16:22.500,1.03494,1.03532,1.50,2.85
2011.07.11 12:16:22.731,1.03498,1.03535,3.45,2.25
2011.07.11 12:16:23.181,1.03504,1.03536,1.50,3.69
2011.07.11 12:16:23.518,1.03498,1.03536,1.50,2.10
2011.07.11 12:16:23.629,1.03498,1.03537,1.50,1.59
2011.07.11 12:16:24.175,1.03498,1.03537,1.50,2.34
2011.07.11 12:16:24.588,1.03498,1.03537,2.25,1.59
2011.07.11 12:16:24.915,1.03498,1.03537,1.50,2.57
2011.07.11 12:16:25.455,1.03499,1.03537,2.10,1.59
2011.07.11 12:16:25.964,1.035,1.03537,1.35,1.59
2011.07.11 12:16:26.516,1.035,1.03536,1.35,2.34
2011.07.11 12:16:26.625,1.035,1.03536,1.35,1.59
2011.07.11 12:16:26.734,1.035,1.03536,1.35,2.34
2011.07.11 12:16:27.205,1.035,1.03536,1.35,1.59
2011.07.11 12:16:27.705,1.035,1.03536,1.35,2.34
2011.07.11 12:16:27.819,1.035,1.03536,1.35,1.59
2011.07.11 12:16:28.036,1.03498,1.03536,1.50,1.37
2011.07.11 12:16:28.565,1.03499,1.03535,1.50,3.23
2011.07.11 12:16:28.895,1.03499,1.03537,2.10,1.59
2011.07.11 12:16:29.488,1.03499,1.03536,2.25,2.19
2011.07.11 12:16:29.707,1.03499,1.03536,1.50,1.43
2011.07.11 12:16:30.303,1.03498,1.03536,2.10,1.37
2011.07.11 12:16:31.176,1.03499,1.03536,1.50,1.59
2011.07.11 12:16:31.507,1.03498,1.03533,1.50,1.35
2011.07.11 12:16:31.835,1.03494,1.03533,1.50,1.35
2011.07.11 12:16:32.435,1.03493,1.03534,1.50,5.48
2011.07.11 12:16:32.976,1.03493,1.03534,2.10,3.23
2011.07.11 12:16:33.195,1.03497,1.03534,2.10,2.63
2011.07.11 12:16:33.526,1.03504,1.03537,1.50,1.59
2011.07.11 12:16:34.444,1.03504,1.03536,1.50,2.19
2011.07.11 12:16:34.776,1.03498,1.03537,1.50,2.19
2011.07.11 12:16:34.995,1.03499,1.03537,2.10,1.59
2011.07.11 12:16:35.326,1.03499,1.03536,2.10,1.58
2011.07.11 12:16:35.437,1.03499,1.03536,4.73,1.59
2011.07.11 12:16:35.545,1.03504,1.03537,1.50,1.59
2011.07.11 12:16:36.302,1.03503,1.03537,1.50,1.59
2011.07.11 12:16:37.026,1.03504,1.03537,3.23,1.59
2011.07.11 12:16:37.248,1.03503,1.03537,1.50,1.59
2011.07.11 12:16:37.841,1.03504,1.03536,1.50,2.19
2011.07.11 12:16:38.397,1.03503,1.03537,1.50,2.19
2011.07.11 12:16:39.277,1.03496,1.03535,1.35,3.23
2011.07.11 12:16:40.576,1.03496,1.03535,1.35,3.23
2011.07.11 12:16:40.927,1.03494,1.03535,2.25,3.23
2011.07.11 12:16:41.668,1.03491,1.03535,3.98,3.23
2011.07.11 12:16:41.908,1.03491,1.03532,3.38,2.10
2011.07.11 12:16:42.239,1.03489,1.03532,2.25,2.48
2011.07.11 12:16:42.568,1.03489,1.03532,2.10,3.23
2011.07.11 12:16:42.677,1.0349,1.03532,1.35,2.85
2011.07.11 12:16:43.226,1.03494,1.03535,1.73,4.35
2011.07.11 12:16:44.105,1.03499,1.03537,2.10,1.59
2011.07.11 12:16:44.607,1.03499,1.03536,2.10,1.58
2011.07.11 12:16:44.721,1.03496,1.03536,1.73,2.19
2011.07.11 12:16:46.335,1.03493,1.03534,2.10,1.35
2011.07.11 12:16:47.134,1.03494,1.03534,2.48,1.35
2011.07.11 12:16:47.355,1.03495,1.03532,2.63,2.10
2011.07.11 12:16:47.466,1.03493,1.03532,2.25,2.10
2011.07.11 12:16:47.685,1.03491,1.03532,1.35,2.48
2011.07.11 12:16:48.385,1.03488,1.03526,1.50,2.10
2011.07.11 12:16:48.846,1.03488,1.03532,2.10,3.98
2011.07.11 12:16:49.398,1.0349,1.03535,2.63,3.00
2011.07.11 12:16:49.508,1.03489,1.03531,4.73,2.25
2011.07.11 12:16:49.620,1.03489,1.03535,6.98,3.00
2011.07.11 12:16:49.736,1.03489,1.03533,3.23,1.35
2011.07.11 12:16:50.177,1.03491,1.03529,2.25,2.10
2011.07.11 12:16:50.287,1.03488,1.03526,1.50,1.35
2011.07.11 12:16:50.400,1.03483,1.03526,4.35,2.10
2011.07.11 12:16:50.517,1.03483,1.03525,3.23,2.85
2011.07.11 12:16:50.935,1.03485,1.03527,2.25,4.13
2011.07.11 12:16:51.158,1.03484,1.03529,2.10,5.48
2011.07.11 12:16:51.925,1.03484,1.03527,3.98,2.25
2011.07.11 12:16:52.635,1.03489,1.03533,1.73,3.60
2011.07.11 12:16:53.205,1.03488,1.03531,2.85,3.98
2011.07.11 12:16:53.316,1.03484,1.03528,2.48,2.25
2011.07.11 12:16:54.697,1.03488,1.03528,5.10,3.60
2011.07.11 12:16:54.806,1.03488,1.03522,2.25,1.73
2011.07.11 12:16:54.917,1.03488,1.03523,2.85,2.25
2011.07.11 12:16:55.138,1.03488,1.03526,3.23,1.50
2011.07.11 12:16:55.246,1.03489,1.03521,1.73,2.25
2011.07.11 12:16:55.465,1.03488,1.03529,3.08,2.25
2011.07.11 12:16:55.576,1.03486,1.03529,1.35,2.25
2011.07.11 12:16:55.687,1.03491,1.03533,2.25,1.73
2011.07.11 12:16:55.796,1.03488,1.03532,2.85,1.73
2011.07.11 12:16:56.016,1.03489,1.03532,1.73,2.85
2011.07.11 12:16:56.760,1.03486,1.03521,1.50,2.85
2011.07.11 12:16:57.019,1.03478,1.03523,2.85,3.23
2011.07.11 12:16:57.130,1.03484,1.03527,4.35,1.88
2011.07.11 12:16:57.466,1.03479,1.03521,1.35,2.48
2011.07.11 12:16:57.576,1.03483,1.03523,1.35,3.23
2011.07.11 12:16:58.125,1.03481,1.03524,3.00,2.10
2011.07.11 12:17:00.227,1.0348,1.03523,1.13,3.60
2011.07.11 12:17:00.490,1.03482,1.03523,1.35,1.35
2011.07.11 12:17:00.597,1.03484,1.03526,1.35,2.10
2011.07.11 12:17:01.185,1.03483,1.03526,2.25,1.50
2011.07.11 12:17:01.628,1.03486,1.03529,1.13,3.60
2011.07.11 12:17:01.738,1.03484,1.03525,1.50,2.63
2011.07.11 12:17:02.176,1.03484,1.03526,1.50,2.25
2011.07.11 12:17:02.286,1.03489,1.0353,1.13,1.37
2011.07.11 12:17:02.396,1.03487,1.0353,3.00,1.74
2011.07.11 12:17:02.616,1.03487,1.0353,2.25,1.74
2011.07.11 12:17:02.727,1.03485,1.0353,1.50,3.62
2011.07.11 12:17:03.277,1.03488,1.03529,2.25,1.35
2011.07.11 12:17:03.386,1.03486,1.03529,2.25,2.10
2011.07.11 12:17:03.732,1.0348,1.03521,1.13,2.85
2011.07.11 12:17:03.847,1.0348,1.03525,3.38,1.50
2011.07.11 12:17:04.636,1.0348,1.03525,3.38,3.75
2011.07.11 12:17:05.025,1.03479,1.03522,1.35,2.63
2011.07.11 12:17:05.135,1.03479,1.03522,1.35,3.38
2011.07.11 12:17:05.355,1.03485,1.03525,1.35,2.85
2011.07.11 12:17:05.464,1.03485,1.03525,1.35,2.85
2011.07.11 12:17:05.793,1.03485,1.03525,1.35,2.85
2011.07.11 12:17:06.467,1.03485,1.03525,1.35,3.60
2011.07.11 12:17:06.687,1.03486,1.03525,1.13,1.35
2011.07.11 12:17:06.906,1.03486,1.03527,1.73,3.75
2011.07.11 12:17:07.478,1.03486,1.03526,1.73,1.50
2011.07.11 12:17:08.258,1.03487,1.03526,1.35,2.48
2011.07.11 12:17:08.588,1.03487,1.03526,2.10,1.50
2011.07.11 12:17:09.027,1.03487,1.03527,2.25,2.63
2011.07.11 12:17:09.577,1.03481,1.03526,4.50,1.50
2011.07.11 12:17:11.515,1.03481,1.03526,2.25,3.00
2011.07.11 12:17:11.676,1.03481,1.03526,2.25,2.25
2011.07.11 12:17:12.109,1.03482,1.03521,1.13,2.25
2011.07.11 12:17:12.437,1.03481,1.0352,2.85,2.25
2011.07.11 12:17:12.547,1.03481,1.03525,2.85,3.60
2011.07.11 12:17:13.307,1.03481,1.03524,2.85,1.13
2011.07.11 12:17:14.436,1.03481,1.03524,3.23,3.00
2011.07.11 12:17:15.017,1.03487,1.03526,1.35,2.48
2011.07.11 12:17:17.455,1.03487,1.03525,1.35,1.35
2011.07.11 12:17:18.335,1.03484,1.03526,2.85,3.60
2011.07.11 12:17:18.446,1.03481,1.03524,5.10,3.38
2011.07.11 12:17:18.667,1.03479,1.03522,3.00,3.99
2011.07.11 12:17:19.675,1.03479,1.03521,3.38,1.50
2011.07.11 12:17:20.225,1.03479,1.03522,3.38,2.85
2011.07.11 12:17:20.600,1.03475,1.03516,3.00,3.23
2011.07.11 12:17:20.716,1.03471,1.03516,3.00,3.23
2011.07.11 12:17:20.864,1.03471,1.03516,3.00,3.23
2011.07.11 12:17:21.495,1.03471,1.03516,3.00,3.23
2011.07.11 12:17:21.916,1.03476,1.03516,1.73,2.25
2011.07.11 12:17:22.135,1.03476,1.0352,3.98,3.23
2011.07.11 12:17:22.467,1.03479,1.0352,2.48,2.85
2011.07.11 12:17:22.796,1.03478,1.0352,3.60,3.23
2011.07.11 12:17:23.503,1.03479,1.03521,1.73,3.60
2011.07.11 12:17:24.396,1.03478,1.03521,3.98,3.60
2011.07.11 12:17:24.506,1.03479,1.03521,1.35,1.73
2011.07.11 12:17:25.429,1.03482,1.0352,1.35,3.60
2011.07.11 12:17:25.865,1.03477,1.0352,3.23,1.35
2011.07.11 12:17:27.142,1.03479,1.0352,3.38,1.35
2011.07.11 12:17:27.754,1.03478,1.0352,1.35,4.73
2011.07.11 12:17:28.384,1.03477,1.03518,1.35,1.35
2011.07.11 12:17:29.017,1.03485,1.03521,4.73,2.25
2011.07.11 12:17:29.126,1.03485,1.03526,4.73,1.35
2011.07.11 12:17:29.787,1.0349,1.0353,4.73,1.35
2011.07.11 12:17:30.225,1.0349,1.0353,3.23,2.12
2011.07.11 12:17:30.740,1.0349,1.03532,3.23,2.19
2011.07.11 12:17:31.412,1.03491,1.03532,1.35,2.19
2011.07.11 12:17:32.416,1.03491,1.03532,1.35,1.59
2011.07.11 12:17:34.011,1.03499,1.03531,2.10,1.59
2011.07.11 12:17:34.568,1.03499,1.03532,2.10,1.59
2011.07.11 12:17:34.677,1.035,1.03532,2.25,1.59
2011.07.11 12:17:35.227,1.03495,1.03531,3.23,1.59
2011.07.11 12:17:36.086,1.03494,1.03532,1.73,1.59
2011.07.11 12:17:36.775,1.03493,1.03532,2.48,1.59
2011.07.11 12:17:37.284,1.03493,1.03532,4.73,1.59
2011.07.11 12:17:38.156,1.03493,1.03532,2.10,1.59
2011.07.11 12:17:39.088,1.03493,1.03532,2.10,1.59
2011.07.11 12:17:39.294,1.03491,1.03531,3.60,1.37
2011.07.11 12:17:39.405,1.03491,1.03531,3.60,1.37
2011.07.11 12:17:39.735,1.03491,1.03531,1.35,1.37
2011.07.11 12:17:40.154,1.03491,1.03531,1.35,1.37
2011.07.11 12:17:40.593,1.03491,1.03531,1.35,3.69
2011.07.11 12:17:41.485,1.03491,1.03531,1.35,3.69
2011.07.11 12:17:42.258,1.03493,1.03531,3.00,1.37
2011.07.11 12:17:43.145,1.03491,1.03531,3.60,2.19
2011.07.11 12:17:43.667,1.03493,1.03531,4.50,1.37
2011.07.11 12:17:44.008,1.03497,1.03532,1.35,1.59
2011.07.11 12:17:44.337,1.03498,1.03532,2.48,1.59
2011.07.11 12:17:45.131,1.035,1.03531,2.63,1.59
2011.07.11 12:17:46.566,1.035,1.03531,3.38,1.59
2011.07.11 12:17:47.998,1.03502,1.03531,1.35,1.59
2011.07.11 12:17:48.687,1.03503,1.03532,1.35,1.35
2011.07.11 12:17:49.016,1.03511,1.03531,1.73,1.35
2011.07.11 12:17:49.128,1.03514,1.03555,3.23,2.25
2011.07.11 12:17:49.235,1.03509,1.03552,5.85,2.48
2011.07.11 12:17:50.009,1.03509,1.03552,2.85,2.48
2011.07.11 12:17:50.336,1.03512,1.03552,2.25,2.10
2011.07.11 12:17:51.364,1.03512,1.03556,2.25,1.13
2011.07.11 12:17:51.885,1.03509,1.03554,7.13,3.00
2011.07.11 12:17:52.506,1.03511,1.03556,2.63,4.13
2011.07.11 12:17:54.596,1.03511,1.03556,3.38,1.13
2011.07.11 12:17:55.148,1.03511,1.03553,1.13,1.35
2011.07.11 12:17:55.596,1.0351,1.0355,2.25,1.35
2011.07.11 12:17:55.709,1.03509,1.03549,1.50,2.48
2011.07.11 12:17:55.927,1.03506,1.03548,1.73,2.85
2011.07.11 12:17:56.038,1.03509,1.03548,1.50,2.85
2011.07.11 12:17:56.785,1.03509,1.0355,2.10,2.85
2011.07.11 12:17:56.896,1.03509,1.03548,1.50,2.10
2011.07.11 12:17:57.448,1.03508,1.03549,1.50,3.23
2011.07.11 12:17:57.910,1.03511,1.03556,3.38,2.10
2011.07.11 12:17:58.028,1.03511,1.03557,3.98,2.10
2011.07.11 12:17:59.348,1.03514,1.03532,1.50,2.10
2011.07.11 12:17:59.566,1.0351,1.03532,5.25,2.10
2011.07.11 12:17:59.676,1.0351,1.03523,2.25,2.25
2011.07.11 12:17:59.898,1.03493,1.03524,1.50,2.25
2011.07.11 12:18:00.518,1.03494,1.03524,2.10,2.25
2011.07.11 12:18:00.637,1.03494,1.03533,2.10,2.25
2011.07.11 12:18:00.969,1.03494,1.0353,2.10,2.25
2011.07.11 12:18:01.297,1.035,1.0353,1.35,2.25
2011.07.11 12:18:01.409,1.035,1.0353,1.35,2.25
2011.07.11 12:18:01.956,1.03496,1.03541,2.85,1.73
2011.07.11 12:18:03.113,1.03496,1.03536,2.25,1.73
2011.07.11 12:18:03.448,1.03494,1.03521,1.50,2.25
2011.07.11 12:18:03.558,1.03491,1.03531,1.73,2.25
2011.07.11 12:18:03.667,1.03491,1.03529,1.73,2.25
2011.07.11 12:18:04.245,1.03489,1.03529,2.85,2.85
2011.07.11 12:18:04.356,1.03489,1.03524,2.85,2.25
2011.07.11 12:18:04.464,1.03489,1.03524,2.10,2.25
2011.07.11 12:18:04.687,1.03489,1.03526,1.35,2.25
2011.07.11 12:18:05.125,1.03488,1.03526,2.48,2.25
2011.07.11 12:18:06.206,1.0349,1.03528,2.25,2.25
2011.07.11 12:18:06.745,1.0349,1.03534,3.00,3.98
2011.07.11 12:18:08.446,1.03489,1.03526,1.35,3.38
2011.07.11 12:18:08.775,1.03484,1.03524,1.73,2.10
2011.07.11 12:18:08.995,1.03481,1.03524,1.73,2.10
2011.07.11 12:18:10.195,1.0348,1.03522,2.63,1.35
2011.07.11 12:18:10.416,1.03482,1.03517,1.13,2.25
2011.07.11 12:18:10.988,1.03482,1.03521,1.13,2.85
2011.07.11 12:18:11.096,1.03482,1.03527,3.38,3.75
2011.07.11 12:18:11.426,1.03487,1.03526,1.13,3.00
2011.07.11 12:18:11.535,1.03487,1.03528,1.13,2.25
2011.07.11 12:18:11.646,1.03487,1.03531,3.00,2.48
2011.07.11 12:18:11.756,1.03484,1.03526,2.25,4.50
2011.07.11 12:18:11.865,1.03484,1.03526,1.50,4.50
2011.07.11 12:18:11.975,1.03483,1.03526,2.25,2.25
2011.07.11 12:18:12.415,1.03484,1.03523,1.50,1.35
2011.07.11 12:18:13.132,1.03483,1.03523,2.10,1.35
2011.07.11 12:18:14.506,1.03478,1.0352,3.98,1.35
2011.07.11 12:18:15.188,1.03476,1.03519,4.73,2.85
2011.07.11 12:18:16.275,1.03479,1.03519,1.73,2.10
2011.07.11 12:18:16.728,1.03474,1.03517,3.23,2.85
2011.07.11 12:18:17.058,1.03473,1.03513,1.35,2.48
2011.07.11 12:18:17.166,1.03471,1.03513,1.35,2.48
2011.07.11 12:18:18.246,1.03471,1.03514,1.35,3.23
2011.07.11 12:18:18.467,1.03468,1.03507,2.25,3.23
2011.07.11 12:18:18.576,1.03466,1.03507,1.35,3.23
2011.07.11 12:18:18.950,1.03466,1.0351,2.25,2.63
2011.07.11 12:18:19.286,1.03472,1.0351,2.10,2.25
2011.07.11 12:18:19.558,1.03472,1.03514,2.10,3.23
2011.07.11 12:18:19.776,1.03469,1.0351,2.25,2.10
2011.07.11 12:18:20.327,1.03466,1.0351,1.35,4.73
2011.07.11 12:18:20.875,1.03471,1.0351,2.25,2.10
2011.07.11 12:18:20.988,1.03474,1.03517,2.85,1.88
2011.07.11 12:18:21.206,1.03472,1.03514,2.25,1.73
2011.07.11 12:18:21.317,1.0347,1.03514,2.25,1.73
2011.07.11 12:18:21.616,1.0347,1.03514,2.85,1.13
2011.07.11 12:18:21.946,1.03468,1.03513,4.13,2.48
2011.07.11 12:18:22.270,1.03472,1.03516,5.48,2.10
2011.07.11 12:18:25.146,1.03474,1.03514,2.85,1.73
2011.07.11 12:18:25.477,1.03471,1.03513,2.85,1.50
2011.07.11 12:18:26.565,1.03469,1.03512,2.85,3.23
2011.07.11 12:18:27.006,1.03471,1.03512,1.35,2.25
2011.07.11 12:18:27.615,1.03469,1.03514,6.60,3.98
2011.07.11 12:18:28.169,1.03473,1.03516,2.48,2.25
2011.07.11 12:18:28.497,1.03474,1.03519,3.00,3.38
2011.07.11 12:18:28.914,1.03482,1.03523,2.63,2.70
2011.07.11 12:18:29.246,1.03484,1.03528,1.50,2.85
2011.07.11 12:18:31.469,1.03486,1.03529,2.10,2.63
2011.07.11 12:18:31.686,1.03483,1.03529,2.10,3.23
2011.07.11 12:18:32.586,1.03483,1.03528,3.75,3.23
2011.07.11 12:18:32.916,1.03479,1.03521,1.34,1.35
2011.07.11 12:18:33.135,1.03479,1.03522,1.34,3.60
2011.07.11 12:18:34.618,1.0348,1.0352,1.35,1.13
2011.07.11 12:18:39.305,1.03473,1.03518,4.50,1.73
2011.07.11 12:18:40.627,1.03473,1.03517,1.88,3.00
2011.07.11 12:18:40.880,1.03473,1.03517,1.88,2.25
2011.07.11 12:18:40.988,1.03481,1.03521,1.73,2.85
2011.07.11 12:18:41.337,1.03482,1.03526,1.73,2.10
2011.07.11 12:18:43.396,1.03482,1.03526,3.98,1.35
2011.07.11 12:18:45.398,1.03487,1.03527,1.35,2.10
2011.07.11 12:18:45.618,1.03482,1.03526,1.73,2.85
2011.07.11 12:18:46.159,1.03487,1.03526,1.35,2.10
2011.07.11 12:18:46.486,1.03482,1.03526,3.98,1.35
2011.07.11 12:18:46.595,1.03482,1.03527,3.23,2.10
2011.07.11 12:18:46.707,1.03482,1.03522,2.25,1.50
2011.07.11 12:18:47.256,1.03478,1.03522,2.63,1.50
2011.07.11 12:18:47.366,1.03478,1.03521,2.25,1.88
2011.07.11 12:18:47.918,1.03477,1.0352,1.35,2.63
2011.07.11 12:18:48.246,1.03476,1.0352,3.00,1.73
2011.07.11 12:18:48.465,1.03474,1.03518,3.75,1.73
2011.07.11 12:18:49.387,1.03474,1.03519,4.50,3.23
2011.07.11 12:18:49.714,1.03477,1.03519,1.35,2.63
