2012.01.31 23:00:00.432,1.06461,1.06533,1.50,2.85
2012.01.31 23:00:00.926,1.06448,1.06548,1.50,1.50
2012.01.31 23:00:00.991,1.06448,1.06523,1.50,2.10
2012.01.31 23:00:02.166,1.06448,1.06523,1.50,2.10
2012.01.31 23:00:02.453,1.06449,1.06532,1.88,2.10
2012.01.31 23:00:03.591,1.06449,1.06532,1.50,2.85
2012.01.31 23:00:03.962,1.06448,1.06523,1.50,2.10
2012.01.31 23:00:05.211,1.06449,1.06523,1.50,2.10
2012.01.31 23:00:05.842,1.06449,1.06532,1.88,2.10
2012.01.31 23:00:06.209,1.06449,1.06532,1.88,2.10
2012.01.31 23:00:13.058,1.06449,1.06522,1.88,2.10
2012.01.31 23:00:16.620,1.06449,1.06532,1.88,2.10
2012.01.31 23:00:17.866,1.06449,1.06532,1.88,2.10
2012.01.31 23:00:18.636,1.06449,1.06532,1.88,2.10
2012.01.31 23:00:26.373,1.06449,1.06532,1.50,2.48
2012.01.31 23:00:26.677,1.06449,1.06528,1.50,1.13
2012.01.31 23:00:29.117,1.06449,1.06533,1.88,3.23
2012.01.31 23:00:31.041,1.06462,1.06532,1.58,2.85
2012.01.31 23:00:41.181,1.06462,1.06522,1.58,2.10
2012.01.31 23:00:41.531,1.06472,1.06533,1.47,2.10
2012.01.31 23:00:42.465,1.06472,1.06533,1.47,2.10
2012.01.31 23:00:42.822,1.0648,1.06543,1.65,2.85
2012.01.31 23:00:42.893,1.0648,1.06543,1.65,3.23
2012.01.31 23:00:43.196,1.06472,1.06523,1.47,2.85
2012.01.31 23:00:43.834,1.06472,1.06512,1.47,2.10
2012.01.31 23:00:45.542,1.06472,1.06522,1.47,2.10
2012.01.31 23:00:45.791,1.06472,1.06533,1.47,2.85
2012.01.31 23:00:51.140,1.06476,1.06533,1.63,2.85
2012.01.31 23:00:54.572,1.06472,1.06522,1.63,2.10
2012.01.31 23:01:02.380,1.06476,1.06533,1.63,2.85
2012.01.31 23:01:04.613,1.06471,1.06533,1.63,2.85
2012.01.31 23:01:15.164,1.06472,1.06533,1.63,2.10
2012.01.31 23:01:15.230,1.06472,1.06553,1.26,2.85
2012.01.31 23:01:15.960,1.06469,1.06553,1.22,2.10
2012.01.31 23:01:16.079,1.06469,1.06573,1.22,2.85
2012.01.31 23:01:16.139,1.06472,1.06573,1.26,2.85
2012.01.31 23:01:25.743,1.06476,1.06562,1.26,2.85
2012.01.31 23:01:25.933,1.06479,1.06544,1.26,1.13
2012.01.31 23:01:26.313,1.06479,1.06533,1.26,2.10
2012.01.31 23:01:30.611,1.06479,1.06532,1.26,2.10
2012.01.31 23:01:35.577,1.06469,1.06532,1.50,2.10
2012.01.31 23:01:35.974,1.06484,1.06532,1.44,2.10
2012.01.31 23:01:45.662,1.06484,1.06532,1.44,2.10
2012.01.31 23:01:45.730,1.06484,1.06542,1.44,2.10
2012.01.31 23:01:45.851,1.06484,1.06552,1.44,2.10
2012.01.31 23:01:45.920,1.06484,1.06563,1.44,3.60
2012.01.31 23:01:49.221,1.06484,1.06563,1.44,2.85
2012.01.31 23:01:53.054,1.06484,1.06563,1.44,2.85
2012.01.31 23:01:53.240,1.06484,1.06572,1.44,2.85
2012.01.31 23:01:54.161,1.06484,1.06572,2.19,2.85
2012.01.31 23:01:54.598,1.06484,1.06572,2.19,2.85
2012.01.31 23:01:54.902,1.06521,1.0659,1.60,1.13
2012.01.31 23:01:55.210,1.06511,1.06591,1.85,1.13
2012.01.31 23:01:55.450,1.06511,1.06591,1.85,1.13
2012.01.31 23:01:56.416,1.06511,1.06579,1.85,1.50
2012.01.31 23:01:56.900,1.06483,1.06572,1.50,1.13
2012.01.31 23:01:57.141,1.06532,1.06572,0.75,1.13
2012.01.31 23:01:57.271,1.06484,1.06572,1.50,1.13
2012.01.31 23:01:58.811,1.06484,1.06571,1.50,1.13
2012.01.31 23:01:59.860,1.06512,1.06571,1.49,1.13
2012.01.31 23:02:00.367,1.06506,1.06571,1.97,1.13
2012.01.31 23:02:02.650,1.06506,1.06564,1.97,1.13
2012.01.31 23:02:03.020,1.06479,1.06563,2.63,1.50
2012.01.31 23:02:06.202,1.06494,1.06563,1.79,1.50
2012.01.31 23:02:10.424,1.06494,1.06563,1.79,1.50
2012.01.31 23:02:11.168,1.06494,1.06563,1.79,1.50
2012.01.31 23:02:23.347,1.06498,1.06563,1.35,1.50
2012.01.31 23:02:26.152,1.06498,1.06563,1.35,1.50
2012.01.31 23:02:28.563,1.06496,1.06552,1.35,1.50
2012.01.31 23:02:31.872,1.0649,1.06552,1.50,1.50
2012.01.31 23:02:32.264,1.06496,1.06552,1.71,1.50
2012.01.31 23:02:39.391,1.06496,1.06552,1.71,1.50
2012.01.31 23:02:44.654,1.06496,1.06562,1.71,1.50
2012.01.31 23:02:45.270,1.06496,1.06562,1.71,2.85
2012.01.31 23:02:49.673,1.06496,1.06553,1.71,2.10
2012.01.31 23:02:50.000,1.06496,1.06553,1.71,2.85
2012.01.31 23:02:52.285,1.06503,1.06553,1.31,2.85
2012.01.31 23:02:54.333,1.06501,1.06553,1.31,2.85
2012.01.31 23:03:03.949,1.06489,1.06553,1.50,2.85
2012.01.31 23:03:10.283,1.06489,1.06553,1.50,2.85
2012.01.31 23:03:44.750,1.06501,1.06553,1.83,2.85
2012.01.31 23:03:45.111,1.06501,1.06553,1.83,2.85
2012.01.31 23:03:45.361,1.06501,1.06553,1.83,2.10
2012.01.31 23:03:45.976,1.06501,1.06552,1.83,2.10
2012.01.31 23:03:50.190,1.06507,1.06563,3.08,3.60
2012.01.31 23:03:50.251,1.06509,1.06563,1.73,2.10
2012.01.31 23:03:59.413,1.06509,1.06563,1.73,2.85
2012.01.31 23:04:04.812,1.06516,1.06563,1.50,2.85
2012.01.31 23:04:24.780,1.06517,1.06563,1.07,2.85
2012.01.31 23:04:25.924,1.06517,1.06563,1.82,2.10
2012.01.31 23:04:30.093,1.06517,1.06563,1.82,2.85
2012.01.31 23:04:31.535,1.06517,1.06563,1.82,2.85
2012.01.31 23:04:39.190,1.06517,1.06562,1.07,2.85
2012.01.31 23:04:42.180,1.06517,1.06562,1.82,2.85
2012.01.31 23:04:44.815,1.06513,1.06572,1.26,2.85
2012.01.31 23:04:47.602,1.06506,1.06562,1.26,2.10
2012.01.31 23:04:48.223,1.06507,1.06552,1.26,2.10
2012.01.31 23:04:49.842,1.06507,1.06562,1.26,3.60
2012.01.31 23:04:49.973,1.06503,1.06562,1.08,2.85
2012.01.31 23:04:50.043,1.06506,1.06562,1.26,2.10
2012.01.31 23:04:52.151,1.06511,1.06562,1.26,2.85
2012.01.31 23:04:52.650,1.06513,1.06562,1.26,2.10
2012.01.31 23:04:58.957,1.06511,1.06562,1.26,2.85
2012.01.31 23:04:59.771,1.06513,1.06562,1.26,2.85
2012.01.31 23:04:59.902,1.06513,1.06563,1.26,2.10
2012.01.31 23:05:05.086,1.0652,1.06563,1.73,2.10
2012.01.31 23:05:05.212,1.0652,1.06563,1.73,2.10
2012.01.31 23:05:05.282,1.0652,1.06572,1.73,2.85
2012.01.31 23:05:07.193,1.06514,1.06562,1.52,2.10
2012.01.31 23:05:07.261,1.06514,1.06562,1.52,2.10
2012.01.31 23:05:08.901,1.06514,1.06562,1.52,2.85
2012.01.31 23:05:09.365,1.06514,1.06562,1.52,2.10
2012.01.31 23:05:10.192,1.06516,1.06571,1.58,1.05
2012.01.31 23:05:16.872,1.06516,1.06572,1.58,1.80
2012.01.31 23:05:19.376,1.06516,1.06572,1.58,1.50
2012.01.31 23:05:30.462,1.06516,1.06572,1.50,1.50
2012.01.31 23:05:43.886,1.06516,1.06572,1.50,1.50
2012.01.31 23:05:49.321,1.06516,1.06564,1.50,1.50
2012.01.31 23:05:50.041,1.06516,1.06573,1.50,3.60
2012.01.31 23:05:58.936,1.06516,1.06573,1.50,3.60
2012.01.31 23:05:59.345,1.06516,1.06573,1.50,3.60
2012.01.31 23:06:00.329,1.06516,1.06573,1.50,3.60
2012.01.31 23:06:03.062,1.06516,1.06573,1.50,3.60
2012.01.31 23:06:03.503,1.06516,1.06573,1.50,3.60
2012.01.31 23:06:05.934,1.06516,1.06573,1.50,3.60
2012.01.31 23:06:08.947,1.06516,1.06573,1.50,3.60
2012.01.31 23:06:34.298,1.06512,1.06573,1.55,3.60
2012.01.31 23:06:34.611,1.06511,1.06573,1.64,3.60
2012.01.31 23:06:36.058,1.06509,1.06573,1.64,3.60
2012.01.31 23:06:36.500,1.06511,1.06562,1.64,3.60
2012.01.31 23:06:36.686,1.06511,1.06562,1.64,3.60
2012.01.31 23:06:39.220,1.06511,1.06562,1.64,2.85
2012.01.31 23:06:41.140,1.06511,1.06573,1.64,3.60
2012.01.31 23:06:41.380,1.06511,1.06562,1.64,1.50
2012.01.31 23:06:41.837,1.0651,1.06562,1.64,1.50
2012.01.31 23:06:43.122,1.06514,1.06563,1.50,2.85
2012.01.31 23:06:44.669,1.06519,1.06573,1.05,3.60
2012.01.31 23:06:44.921,1.06518,1.06573,1.05,3.60
2012.01.31 23:06:45.384,1.06518,1.06573,1.05,3.60
2012.01.31 23:06:45.859,1.06518,1.06573,1.05,3.60
2012.01.31 23:06:50.413,1.06517,1.06573,1.65,3.60
2012.01.31 23:06:50.992,1.06518,1.06573,1.90,3.60
2012.01.31 23:06:54.549,1.06516,1.06572,1.75,2.85
2012.01.31 23:06:57.681,1.06518,1.06572,1.75,3.60
2012.01.31 23:06:58.070,1.06518,1.06572,1.75,2.85
2012.01.31 23:06:58.191,1.06532,1.06581,1.50,1.65
2012.01.31 23:06:58.252,1.06532,1.06583,1.50,1.50
2012.01.31 23:07:01.715,1.06532,1.06583,1.65,1.50
2012.01.31 23:07:03.463,1.06537,1.06584,1.50,1.50
2012.01.31 23:07:14.350,1.06533,1.06584,1.20,1.50
2012.01.31 23:07:14.593,1.06532,1.06582,1.20,3.45
2012.01.31 23:07:14.891,1.06526,1.06582,1.86,3.75
2012.01.31 23:07:21.523,1.06526,1.06582,1.86,2.85
2012.01.31 23:07:24.244,1.06526,1.06582,1.86,2.85
2012.01.31 23:07:35.998,1.06522,1.06582,1.70,2.85
2012.01.31 23:07:39.092,1.06522,1.06582,1.70,2.85
2012.01.31 23:07:39.535,1.06522,1.06582,1.70,2.85
2012.01.31 23:07:42.490,1.06522,1.06582,1.70,2.85
2012.01.31 23:07:42.644,1.06522,1.06582,1.70,2.85
2012.01.31 23:07:49.120,1.06522,1.06579,1.70,1.35
2012.01.31 23:07:49.433,1.06522,1.06562,1.70,2.10
2012.01.31 23:07:51.451,1.06522,1.06569,1.70,1.50
2012.01.31 23:07:51.581,1.06522,1.06583,1.70,3.60
2012.01.31 23:07:52.362,1.06521,1.06583,1.97,3.60
2012.01.31 23:07:55.944,1.06521,1.06583,1.97,3.60
2012.01.31 23:07:56.252,1.06521,1.06583,1.97,2.85
2012.01.31 23:07:58.432,1.06521,1.06572,1.22,3.08
2012.01.31 23:07:58.502,1.06521,1.06563,1.22,2.10
2012.01.31 23:07:58.722,1.06521,1.06573,1.22,3.45
2012.01.31 23:08:02.590,1.06521,1.06572,1.22,2.10
2012.01.31 23:08:05.455,1.06521,1.06572,1.97,2.10
2012.01.31 23:08:05.521,1.06521,1.06578,1.97,1.05
2012.01.31 23:08:05.591,1.06521,1.06582,1.97,2.85
2012.01.31 23:08:08.646,1.06521,1.06579,1.22,1.73
2012.01.31 23:08:08.776,1.06521,1.06578,1.22,1.05
2012.01.31 23:08:09.088,1.06521,1.06573,1.22,2.10
2012.01.31 23:08:12.358,1.06485,1.06573,1.35,2.10
2012.01.31 23:08:12.420,1.06506,1.06573,1.84,2.10
2012.01.31 23:08:22.571,1.06506,1.06573,1.84,2.48
2012.01.31 23:08:23.110,1.06506,1.06569,1.84,1.13
2012.01.31 23:08:25.194,1.06506,1.06573,1.84,3.98
2012.01.31 23:08:32.268,1.06498,1.06573,1.38,3.98
2012.01.31 23:08:43.611,1.0648,1.06553,1.50,2.10
2012.01.31 23:08:44.399,1.06481,1.06553,1.50,2.85
2012.01.31 23:08:50.851,1.06481,1.06553,1.50,2.85
2012.01.31 23:08:51.090,1.06491,1.06553,1.50,2.85
2012.01.31 23:08:56.880,1.06491,1.06553,1.50,3.60
2012.01.31 23:08:57.110,1.06485,1.06553,1.35,2.85
2012.01.31 23:08:57.435,1.06485,1.06553,1.35,2.10
2012.01.31 23:08:59.077,1.06485,1.06553,1.35,2.85
2012.01.31 23:08:59.408,1.0648,1.06542,1.50,2.85
2012.01.31 23:09:02.709,1.0648,1.06542,1.50,2.10
2012.01.31 23:09:03.011,1.06501,1.06542,1.05,2.10
2012.01.31 23:09:03.072,1.06501,1.06564,1.05,1.50
2012.01.31 23:09:03.142,1.06501,1.06576,1.05,1.05
2012.01.31 23:09:03.603,1.06503,1.06577,1.05,1.05
2012.01.31 23:09:04.351,1.06506,1.06583,1.13,3.60
2012.01.31 23:09:04.723,1.0652,1.06583,1.50,2.85
2012.01.31 23:09:05.192,1.06517,1.06578,2.85,1.13
2012.01.31 23:09:05.384,1.06512,1.06578,1.50,1.28
2012.01.31 23:09:05.455,1.06499,1.06567,1.05,1.13
2012.01.31 23:09:05.701,1.06499,1.06562,1.05,2.85
2012.01.31 23:09:07.532,1.06499,1.06562,1.05,2.85
2012.01.31 23:09:10.067,1.0649,1.06562,2.10,2.85
2012.01.31 23:09:10.371,1.0649,1.06553,2.10,2.10
2012.01.31 23:09:12.941,1.0649,1.06566,2.10,1.80
2012.01.31 23:09:13.064,1.0649,1.06566,2.10,1.05
2012.01.31 23:09:13.190,1.0649,1.06566,2.10,1.05
2012.01.31 23:09:16.860,1.06491,1.06564,1.50,1.50
2012.01.31 23:09:16.921,1.06491,1.06562,1.50,1.50
2012.01.31 23:09:24.602,1.06501,1.06563,1.50,1.50
2012.01.31 23:09:39.691,1.06501,1.06569,1.50,1.50
2012.01.31 23:09:39.756,1.06501,1.06573,1.50,3.60
2012.01.31 23:09:44.910,1.06501,1.06572,1.50,2.10
2012.01.31 23:09:44.970,1.06501,1.06582,1.50,4.28
2012.01.31 23:09:45.151,1.06501,1.06581,1.50,1.05
2012.01.31 23:09:45.600,1.06501,1.06582,1.50,3.53
2012.01.31 23:09:46.338,1.065,1.06572,1.50,2.85
2012.01.31 23:10:00.914,1.065,1.06558,1.50,1.35
2012.01.31 23:10:16.873,1.06501,1.06549,1.50,1.50
2012.01.31 23:10:21.122,1.06494,1.06549,1.05,1.50
2012.01.31 23:10:21.182,1.06494,1.06544,1.05,1.50
2012.01.31 23:10:21.371,1.06494,1.06542,1.05,2.10
2012.01.31 23:10:24.129,1.06497,1.06542,1.35,2.85
2012.01.31 23:10:24.193,1.065,1.06542,1.50,2.10
2012.01.31 23:10:24.634,1.06497,1.06544,1.35,1.50
2012.01.31 23:10:24.761,1.06496,1.06543,1.65,1.50
2012.01.31 23:10:28.061,1.06491,1.06543,1.50,3.60
2012.01.31 23:10:28.242,1.06491,1.06543,1.50,3.60
2012.01.31 23:10:28.933,1.06497,1.06543,1.50,1.50
2012.01.31 23:10:30.555,1.06502,1.06543,1.50,3.60
2012.01.31 23:10:30.680,1.06502,1.06543,1.50,3.90
2012.01.31 23:10:30.861,1.06492,1.06541,1.50,1.05
2012.01.31 23:10:31.062,1.06496,1.06541,1.50,1.05
2012.01.31 23:10:31.252,1.06491,1.06541,1.50,1.05
2012.01.31 23:10:31.741,1.06496,1.06541,1.50,1.05
2012.01.31 23:10:33.351,1.06501,1.06543,1.50,2.40
2012.01.31 23:10:33.926,1.06501,1.06543,1.50,2.40
2012.01.31 23:10:36.156,1.06501,1.06538,1.50,1.50
2012.01.31 23:10:38.296,1.065,1.06538,1.35,2.25
2012.01.31 23:10:39.873,1.06501,1.06538,1.50,1.50
2012.01.31 23:10:40.005,1.06504,1.06543,1.50,4.35
2012.01.31 23:10:40.144,1.06504,1.06543,2.25,2.25
2012.01.31 23:10:42.067,1.06504,1.06543,1.50,2.25
2012.01.31 23:10:42.135,1.06501,1.06537,1.50,1.50
2012.01.31 23:10:42.453,1.065,1.06537,2.25,2.25
2012.01.31 23:10:53.805,1.06516,1.06543,1.50,3.60
2012.01.31 23:10:54.084,1.065,1.06537,2.25,2.25
2012.01.31 23:10:54.387,1.065,1.06537,2.25,2.25
2012.01.31 23:10:54.668,1.065,1.06537,2.25,2.25
2012.01.31 23:11:10.714,1.06499,1.06538,2.25,2.85
2012.01.31 23:11:54.723,1.06499,1.06538,1.65,2.25
2012.01.31 23:11:59.583,1.06494,1.06541,1.05,1.05
2012.01.31 23:12:00.274,1.06494,1.06533,2.25,1.50
2012.01.31 23:12:00.357,1.06494,1.06533,2.25,1.50
2012.01.31 23:12:15.330,1.06494,1.06533,2.25,1.50
2012.01.31 23:12:19.788,1.06496,1.06533,1.35,1.50
2012.01.31 23:12:20.219,1.06515,1.06554,1.50,3.00
2012.01.31 23:12:22.119,1.06515,1.06552,1.50,2.10
2012.01.31 23:12:22.246,1.06511,1.06548,1.50,1.50
2012.01.31 23:12:22.676,1.06505,1.06542,1.50,1.50
2012.01.31 23:12:23.196,1.06505,1.06542,2.25,1.50
2012.01.31 23:12:33.938,1.06505,1.06542,2.25,1.50
2012.01.31 23:12:34.401,1.065,1.06539,2.25,1.50
2012.01.31 23:13:29.856,1.065,1.06539,2.25,1.50
2012.01.31 23:13:33.707,1.06494,1.06533,2.25,1.50
2012.01.31 23:13:34.516,1.06494,1.06533,2.25,2.25
2012.01.31 23:13:50.861,1.065,1.06537,2.25,1.50
2012.01.31 23:13:58.999,1.06505,1.06542,1.50,3.60
2012.01.31 23:13:59.570,1.06505,1.06542,2.25,1.50
2012.01.31 23:14:00.605,1.06505,1.06542,1.50,1.50
2012.01.31 23:14:02.229,1.06506,1.06542,1.50,1.50
2012.01.31 23:14:02.581,1.06515,1.06552,2.25,2.25
2012.01.31 23:14:02.654,1.06519,1.06558,1.50,3.00
2012.01.31 23:14:02.719,1.06516,1.06553,2.25,2.25
2012.01.31 23:14:02.848,1.06512,1.06549,1.50,2.25
2012.01.31 23:14:14.295,1.06512,1.06549,3.00,1.50
2012.01.31 23:14:14.995,1.06512,1.06549,2.25,1.50
2012.01.31 23:14:32.976,1.0652,1.06554,1.50,1.50
2012.01.31 23:14:33.985,1.06514,1.06553,1.50,2.25
2012.01.31 23:14:40.208,1.0652,1.06554,1.50,1.50
2012.01.31 23:14:40.956,1.06514,1.06553,1.50,2.25
2012.01.31 23:15:16.069,1.06514,1.06553,1.50,3.00
2012.01.31 23:15:18.954,1.06514,1.06553,1.50,3.00
2012.01.31 23:15:24.392,1.06514,1.06553,1.50,3.00
2012.01.31 23:15:32.375,1.06514,1.06553,1.50,1.50
2012.01.31 23:15:32.926,1.06514,1.06553,1.50,2.25
2012.01.31 23:15:41.196,1.06507,1.06554,1.50,1.50
2012.01.31 23:15:45.863,1.06511,1.06554,1.50,1.50
2012.01.31 23:15:47.211,1.06506,1.06554,1.50,1.50
2012.01.31 23:15:54.857,1.06511,1.06554,1.50,1.50
2012.01.31 23:15:58.933,1.06506,1.06553,1.50,1.50
2012.01.31 23:16:05.544,1.06512,1.06553,1.50,1.50
2012.01.31 23:16:06.320,1.06506,1.06553,1.50,1.50
2012.01.31 23:16:08.764,1.06512,1.06553,1.50,1.50
2012.01.31 23:16:13.512,1.06507,1.06553,1.50,1.50
2012.01.31 23:16:14.883,1.06512,1.06553,1.50,1.50
2012.01.31 23:16:14.946,1.06506,1.06553,1.50,1.50
2012.01.31 23:16:15.016,1.06512,1.06553,1.50,1.50
2012.01.31 23:16:18.850,1.06507,1.06553,1.50,1.50
2012.01.31 23:16:21.758,1.06512,1.06553,1.50,1.50
2012.01.31 23:16:24.403,1.06507,1.06553,1.50,1.50
2012.01.31 23:16:25.167,1.06507,1.06554,1.50,1.50
2012.01.31 23:16:25.937,1.06507,1.06553,1.50,1.50
2012.01.31 23:16:54.437,1.06507,1.06554,1.50,1.50
2012.01.31 23:17:22.107,1.06507,1.06553,1.50,1.50
2012.01.31 23:17:46.023,1.06503,1.06562,1.05,1.05
2012.01.31 23:17:55.435,1.06503,1.06553,1.05,1.50
2012.01.31 23:18:00.599,1.06507,1.06553,1.50,1.50
2012.01.31 23:18:19.888,1.06507,1.06554,1.50,1.50
2012.01.31 23:18:47.666,1.06507,1.06553,1.50,1.50
2012.01.31 23:18:48.426,1.06507,1.06554,1.50,1.50
2012.01.31 23:18:55.154,1.06503,1.06554,1.05,1.50
2012.01.31 23:18:55.214,1.06501,1.06554,1.80,1.50
2012.01.31 23:18:55.274,1.06501,1.06554,1.50,1.50
2012.01.31 23:18:55.393,1.06501,1.06554,1.50,1.50
2012.01.31 23:18:55.804,1.06505,1.06544,1.50,1.50
2012.01.31 23:18:56.465,1.06509,1.06548,1.50,2.25
2012.01.31 23:19:06.654,1.06509,1.06548,1.50,2.25
2012.01.31 23:19:06.716,1.06505,1.06544,2.25,2.25
2012.01.31 23:19:07.603,1.06505,1.06544,1.50,3.00
2012.01.31 23:19:10.100,1.06505,1.06544,2.25,1.50
2012.01.31 23:19:11.615,1.06515,1.06554,1.50,3.00
2012.01.31 23:19:11.964,1.06515,1.06553,1.50,1.50
2012.01.31 23:19:12.025,1.06515,1.06554,1.50,3.00
2012.01.31 23:19:22.144,1.06515,1.06554,1.50,3.00
2012.01.31 23:19:22.204,1.06511,1.0655,1.50,1.50
2012.01.31 23:19:22.506,1.06511,1.06542,1.50,2.10
2012.01.31 23:19:22.575,1.06499,1.06538,2.25,1.50
2012.01.31 23:19:22.695,1.06499,1.06532,2.25,2.10
2012.01.31 23:19:22.817,1.0651,1.06542,1.50,2.10
2012.01.31 23:19:22.946,1.06506,1.06543,2.25,1.50
2012.01.31 23:19:23.437,1.06506,1.06543,1.50,3.00
2012.01.31 23:19:23.756,1.06499,1.06532,2.25,2.10
2012.01.31 23:19:32.319,1.06499,1.06532,1.50,2.10
2012.01.31 23:19:32.447,1.06494,1.06532,2.85,2.10
2012.01.31 23:19:34.865,1.06495,1.06532,1.35,2.10
2012.01.31 23:19:35.134,1.065,1.06537,2.25,1.80
2012.01.31 23:19:35.306,1.065,1.06533,2.25,2.10
2012.01.31 23:19:40.130,1.065,1.06533,2.25,2.85
2012.01.31 23:19:40.596,1.06501,1.06537,2.10,1.50
2012.01.31 23:19:40.654,1.0651,1.06549,1.50,2.25
2012.01.31 23:19:40.713,1.0651,1.06549,2.25,1.50
2012.01.31 23:19:40.904,1.0651,1.06549,1.50,2.25
2012.01.31 23:19:43.675,1.06501,1.06537,2.10,1.50
2012.01.31 23:19:43.984,1.065,1.06533,2.85,2.10
2012.01.31 23:19:44.685,1.06505,1.06533,2.25,2.10
2012.01.31 23:19:44.924,1.0651,1.06543,1.50,2.85
2012.01.31 23:19:45.105,1.0651,1.06549,1.50,2.55
2012.01.31 23:19:45.664,1.06505,1.06542,2.10,1.50
2012.01.31 23:19:57.070,1.06505,1.06542,1.50,3.60
2012.01.31 23:19:57.196,1.06499,1.06538,2.55,2.25
2012.01.31 23:19:57.757,1.06499,1.06533,2.25,2.10
2012.01.31 23:20:01.363,1.06494,1.06533,2.25,3.60
2012.01.31 23:20:02.573,1.06501,1.06533,1.50,2.10
2012.01.31 23:20:07.878,1.06501,1.06538,3.00,1.50
2012.01.31 23:20:10.725,1.06505,1.06542,1.50,2.40
2012.01.31 23:20:11.026,1.06503,1.06539,1.50,1.50
2012.01.31 23:20:11.654,1.06502,1.06539,2.10,1.50
2012.01.31 23:20:11.775,1.06502,1.06539,1.35,2.25
2012.01.31 23:20:17.916,1.06504,1.06539,2.10,1.50
2012.01.31 23:20:17.985,1.06505,1.06542,2.10,2.40
2012.01.31 23:20:18.105,1.06505,1.06542,1.50,2.10
2012.01.31 23:20:18.166,1.06505,1.06542,2.25,2.10
2012.01.31 23:20:18.523,1.06503,1.06538,1.50,1.50
2012.01.31 23:20:28.456,1.06505,1.06542,2.25,3.90
2012.01.31 23:20:28.697,1.06512,1.06542,1.35,2.10
2012.01.31 23:20:28.767,1.06512,1.06548,1.35,1.80
2012.01.31 23:20:29.307,1.06512,1.06548,1.35,1.50
2012.01.31 23:20:29.634,1.06504,1.06543,2.25,3.60
2012.01.31 23:20:30.198,1.0651,1.06549,2.25,2.25
2012.01.31 23:20:32.407,1.0651,1.06549,2.40,2.25
2012.01.31 23:20:32.597,1.06517,1.06552,1.50,2.10
2012.01.31 23:20:39.984,1.06517,1.06552,1.50,2.85
2012.01.31 23:20:40.085,1.06517,1.06552,1.50,2.10
2012.01.31 23:20:44.885,1.06512,1.06549,2.25,1.50
2012.01.31 23:20:45.005,1.06512,1.06549,1.50,2.25
2012.01.31 23:20:57.376,1.06512,1.06549,1.65,2.25
2012.01.31 23:20:57.447,1.06512,1.06549,2.40,1.50
2012.01.31 23:20:57.518,1.06515,1.06552,1.50,2.10
2012.01.31 23:20:58.469,1.06515,1.06552,2.25,2.10
2012.01.31 23:21:00.346,1.06515,1.06552,1.50,2.85
2012.01.31 23:21:00.645,1.06505,1.06542,2.25,2.10
2012.01.31 23:21:03.598,1.06505,1.06542,2.25,2.10
2012.01.31 23:21:03.844,1.0651,1.06549,2.25,1.50
2012.01.31 23:21:13.057,1.06504,1.06535,1.50,1.50
2012.01.31 23:21:13.190,1.06503,1.06535,1.50,1.50
2012.01.31 23:21:13.377,1.06498,1.06533,1.50,3.60
2012.01.31 23:21:13.868,1.06496,1.06532,2.25,2.10
2012.01.31 23:21:13.937,1.06493,1.06529,1.50,1.50
2012.01.31 23:21:18.559,1.0649,1.06529,2.25,1.50
2012.01.31 23:21:20.196,1.0649,1.06529,2.25,1.50
2012.01.31 23:21:20.498,1.0649,1.06529,2.25,1.50
2012.01.31 23:21:20.686,1.0649,1.06529,2.25,1.50
2012.01.31 23:21:27.147,1.06486,1.06525,2.25,1.50
2012.01.31 23:21:40.309,1.06492,1.06529,2.25,1.50
2012.01.31 23:22:30.942,1.06496,1.06532,1.50,2.10
2012.01.31 23:22:31.555,1.06496,1.06533,1.50,4.35
2012.01.31 23:22:34.378,1.065,1.06533,1.50,2.10
2012.01.31 23:22:34.449,1.065,1.06539,1.50,2.25
2012.01.31 23:22:34.759,1.065,1.06533,1.50,2.10
2012.01.31 23:22:35.312,1.06495,1.06532,2.25,1.50
2012.01.31 23:22:37.470,1.06505,1.06542,1.50,4.65
2012.01.31 23:22:37.598,1.06505,1.06542,1.50,3.60
2012.01.31 23:22:37.731,1.06509,1.06542,1.50,2.10
2012.01.31 23:22:38.168,1.06504,1.06531,1.05,1.50
2012.01.31 23:22:38.297,1.06498,1.06531,1.50,1.50
2012.01.31 23:22:38.367,1.06498,1.06533,3.00,2.10
2012.01.31 23:22:38.497,1.06499,1.06537,1.50,1.50
2012.01.31 23:22:38.748,1.06498,1.06531,1.50,1.50
2012.01.31 23:22:42.157,1.06494,1.06531,3.00,1.50
2012.01.31 23:22:42.291,1.06489,1.06526,2.25,1.50
2012.01.31 23:22:42.417,1.06489,1.06526,2.25,1.50
2012.01.31 23:22:42.969,1.06489,1.06526,2.25,1.50
2012.01.31 23:22:43.157,1.06489,1.06526,1.50,1.50
2012.01.31 23:22:44.149,1.06493,1.06532,1.50,1.50
2012.01.31 23:22:52.349,1.06493,1.06532,2.25,1.50
2012.01.31 23:22:54.328,1.06493,1.06532,1.50,1.50
2012.01.31 23:23:04.079,1.0649,1.06527,2.25,1.50
2012.01.31 23:23:10.159,1.06499,1.06533,1.50,2.10
2012.01.31 23:23:10.430,1.06499,1.06538,1.50,1.50
2012.01.31 23:23:10.738,1.06504,1.06541,1.50,1.50
2012.01.31 23:23:11.050,1.06495,1.06532,1.50,1.50
2012.01.31 23:23:11.614,1.06495,1.06532,2.25,3.60
2012.01.31 23:23:15.568,1.06495,1.06532,1.50,3.60
2012.01.31 23:23:17.249,1.06495,1.06532,2.25,3.60
2012.01.31 23:23:20.377,1.06504,1.06532,1.50,2.10
2012.01.31 23:23:20.449,1.06504,1.06542,1.50,2.10
2012.01.31 23:23:20.892,1.06498,1.06527,2.85,1.50
2012.01.31 23:23:20.960,1.06494,1.06527,1.65,1.50
2012.01.31 23:23:21.150,1.06488,1.06527,2.25,1.50
2012.01.31 23:23:21.222,1.06488,1.06527,1.50,1.50
2012.01.31 23:23:21.418,1.06494,1.06531,1.50,2.25
2012.01.31 23:23:21.609,1.06494,1.06531,1.50,1.50
2012.01.31 23:23:23.808,1.06494,1.06531,2.25,1.50
2012.01.31 23:23:33.818,1.06494,1.06531,2.25,2.25
2012.01.31 23:23:34.307,1.06494,1.06531,2.25,1.50
2012.01.31 23:23:36.349,1.06494,1.06531,1.50,1.50
2012.01.31 23:23:36.416,1.06492,1.06526,1.50,1.50
2012.01.31 23:23:36.977,1.06492,1.06526,1.50,1.50
2012.01.31 23:23:49.849,1.06492,1.06526,1.50,1.50
2012.01.31 23:23:59.692,1.06492,1.06526,1.50,1.50
2012.01.31 23:24:03.837,1.06492,1.06526,1.50,1.50
2012.01.31 23:24:09.556,1.06492,1.06526,1.50,1.50
2012.01.31 23:24:25.680,1.06492,1.06526,1.50,1.50
2012.01.31 23:24:26.688,1.06496,1.06533,2.25,1.50
2012.01.31 23:24:27.055,1.06493,1.06527,1.50,1.50
2012.01.31 23:24:27.123,1.06491,1.06527,1.50,1.50
2012.01.31 23:24:33.539,1.06488,1.06527,3.60,1.50
2012.01.31 23:24:34.838,1.06488,1.06527,3.60,2.25
2012.01.31 23:24:35.177,1.06484,1.06521,2.25,1.50
2012.01.31 23:24:35.478,1.06484,1.06521,2.25,1.50
2012.01.31 23:24:40.228,1.06483,1.06516,1.50,1.50
2012.01.31 23:24:40.299,1.06479,1.06516,2.25,1.50
2012.01.31 23:24:40.368,1.06479,1.06516,2.25,1.50
2012.01.31 23:24:41.127,1.06479,1.06516,2.25,1.50
2012.01.31 23:24:44.978,1.06479,1.06516,2.25,1.50
2012.01.31 23:24:45.091,1.06479,1.06516,2.25,1.50
2012.01.31 23:24:49.166,1.06479,1.06516,2.25,1.50
2012.01.31 23:24:49.497,1.06479,1.06516,2.25,1.50
2012.01.31 23:24:57.521,1.06482,1.06521,2.25,1.50
2012.01.31 23:24:58.540,1.06482,1.06521,2.25,1.50
2012.01.31 23:24:59.358,1.06482,1.06521,2.25,1.50
2012.01.31 23:25:09.357,1.06482,1.06521,2.25,1.50
2012.01.31 23:25:09.431,1.06482,1.06521,2.25,1.50
2012.01.31 23:25:09.619,1.06488,1.06527,2.25,1.50
2012.01.31 23:25:09.690,1.06488,1.06527,1.50,1.50
2012.01.31 23:25:10.110,1.06483,1.0652,2.25,1.50
2012.01.31 23:25:10.418,1.06478,1.06516,3.60,1.50
2012.01.31 23:25:15.358,1.06484,1.06521,2.25,1.50
2012.01.31 23:25:15.489,1.06488,1.06526,2.10,2.25
2012.01.31 23:25:15.561,1.06488,1.06526,2.10,1.50
2012.01.31 23:25:15.810,1.06487,1.06522,2.25,2.10
2012.01.31 23:25:15.999,1.06487,1.06522,2.25,2.10
2012.01.31 23:25:16.068,1.06482,1.06516,1.50,1.50
2012.01.31 23:25:17.557,1.06478,1.06516,2.85,1.50
2012.01.31 23:25:17.932,1.06478,1.06516,1.50,1.50
2012.01.31 23:25:18.239,1.06483,1.0652,1.50,1.50
2012.01.31 23:25:18.311,1.06478,1.06511,2.85,1.50
2012.01.31 23:25:18.617,1.06469,1.06505,2.25,1.50
2012.01.31 23:25:19.705,1.06471,1.0651,2.25,1.50
2012.01.31 23:25:23.447,1.06473,1.0651,1.50,1.50
2012.01.31 23:25:24.278,1.06472,1.0651,1.50,1.50
2012.01.31 23:25:25.805,1.06472,1.0651,1.50,1.50
2012.01.31 23:25:25.868,1.06479,1.06512,2.25,2.10
2012.01.31 23:25:26.148,1.06479,1.06516,2.25,1.50
2012.01.31 23:25:26.217,1.06479,1.06516,2.25,1.50
2012.01.31 23:25:29.379,1.06484,1.06521,2.25,1.50
2012.01.31 23:25:36.188,1.06479,1.06516,2.25,1.50
2012.01.31 23:25:36.397,1.06479,1.06516,2.25,1.50
2012.01.31 23:25:38.919,1.06479,1.06516,2.25,1.50
2012.01.31 23:25:39.108,1.06476,1.06513,2.25,1.50
2012.01.31 23:25:39.298,1.06476,1.06513,2.25,1.50
2012.01.31 23:25:39.926,1.06476,1.06513,2.25,1.50
2012.01.31 23:25:42.346,1.06476,1.06513,2.25,1.50
2012.01.31 23:25:43.618,1.0648,1.06517,2.25,1.50
2012.01.31 23:25:44.005,1.0648,1.06517,2.25,1.50
2012.01.31 23:25:58.077,1.0648,1.06517,2.25,1.50
2012.01.31 23:26:01.857,1.06476,1.06513,2.25,1.50
2012.01.31 23:26:02.460,1.06476,1.06513,2.25,1.50
2012.01.31 23:26:02.532,1.06476,1.06513,2.25,1.50
2012.01.31 23:26:06.157,1.06469,1.06508,2.25,1.50
2012.01.31 23:26:06.347,1.06469,1.06508,2.25,1.50
2012.01.31 23:26:14.926,1.06469,1.06508,2.25,1.50
2012.01.31 23:26:23.815,1.06469,1.06508,2.25,1.50
2012.01.31 23:26:43.175,1.06469,1.06508,2.25,1.50
2012.01.31 23:26:59.825,1.06469,1.06508,2.25,1.50
2012.01.31 23:27:00.499,1.06469,1.06508,2.25,1.50
2012.01.31 23:27:00.731,1.06468,1.06503,2.85,1.50
2012.01.31 23:27:01.057,1.06468,1.06503,2.85,1.50
2012.01.31 23:27:02.137,1.06468,1.06503,2.10,1.50
2012.01.31 23:27:02.209,1.06468,1.06494,2.10,1.50
2012.01.31 23:27:02.401,1.06464,1.06494,1.50,1.50
2012.01.31 23:27:02.469,1.06464,1.06494,1.50,1.50
2012.01.31 23:27:02.600,1.06464,1.06499,1.50,1.50
2012.01.31 23:27:02.910,1.06475,1.06503,1.50,2.10
2012.01.31 23:27:03.101,1.06477,1.06514,2.10,2.25
2012.01.31 23:27:03.349,1.06477,1.06509,2.10,1.50
2012.01.31 23:27:06.096,1.0647,1.06509,2.25,1.50
2012.01.31 23:27:06.157,1.06467,1.06504,4.35,1.50
2012.01.31 23:27:07.899,1.06467,1.06494,2.85,1.50
2012.01.31 23:27:07.969,1.06463,1.06494,1.50,1.50
2012.01.31 23:27:08.099,1.06463,1.065,1.50,1.50
2012.01.31 23:27:08.227,1.06463,1.065,1.50,1.50
2012.01.31 23:27:13.176,1.06463,1.065,1.50,1.50
2012.01.31 23:27:13.239,1.06464,1.06495,1.50,1.50
2012.01.31 23:27:17.129,1.06463,1.06482,1.50,1.50
2012.01.31 23:27:17.260,1.06463,1.06489,1.50,1.50
2012.01.31 23:27:17.330,1.06461,1.06489,1.50,1.50
2012.01.31 23:27:17.577,1.06462,1.06492,1.50,1.50
2012.01.31 23:27:17.647,1.06463,1.06492,1.50,1.50
2012.01.31 23:27:17.864,1.06461,1.06492,1.50,1.50
2012.01.31 23:27:18.389,1.06461,1.06497,1.50,1.50
2012.01.31 23:27:21.736,1.06461,1.06492,1.50,1.50
2012.01.31 23:27:22.728,1.06457,1.06487,1.50,1.50
2012.01.31 23:27:35.354,1.06463,1.06487,1.50,1.50
2012.01.31 23:27:35.478,1.06464,1.06493,2.25,2.10
2012.01.31 23:27:35.667,1.06464,1.06501,2.25,1.50
2012.01.31 23:27:35.739,1.06463,1.06498,1.50,1.50
2012.01.31 23:27:36.017,1.06464,1.06498,1.50,1.50
2012.01.31 23:27:37.234,1.06468,1.06507,1.50,1.50
2012.01.31 23:27:37.360,1.06468,1.06507,3.00,1.50
2012.01.31 23:27:38.481,1.06464,1.06501,1.50,1.50
2012.01.31 23:27:38.907,1.06464,1.06501,1.50,1.50
2012.01.31 23:27:38.978,1.06468,1.06507,2.25,1.50
2012.01.31 23:27:40.507,1.06473,1.06512,1.50,2.25
2012.01.31 23:27:40.642,1.06473,1.06512,1.50,2.25
2012.01.31 23:27:40.770,1.06464,1.06502,1.50,1.50
2012.01.31 23:27:40.903,1.06463,1.06502,2.25,1.50
2012.01.31 23:27:41.585,1.06457,1.06494,2.25,1.50
2012.01.31 23:27:42.908,1.06461,1.065,2.25,2.25
2012.01.31 23:27:43.237,1.06458,1.06494,2.85,1.50
2012.01.31 23:27:45.079,1.06462,1.06499,2.25,2.25
2012.01.31 23:27:45.627,1.06462,1.06499,2.25,1.50
2012.01.31 23:27:46.194,1.06458,1.06494,2.85,1.50
2012.01.31 23:27:46.729,1.06457,1.06494,2.25,2.25
2012.01.31 23:27:47.040,1.06453,1.0649,2.85,1.50
2012.01.31 23:27:53.957,1.06454,1.0649,2.03,1.50
2012.01.31 23:27:54.380,1.06453,1.0649,2.40,3.00
2012.01.31 23:27:58.835,1.06453,1.0649,2.40,2.25
2012.01.31 23:28:02.460,1.06453,1.0649,2.03,3.00
2012.01.31 23:28:03.308,1.06453,1.0649,2.03,2.25
2012.01.31 23:28:03.617,1.06458,1.06494,4.35,1.50
2012.01.31 23:28:08.617,1.06458,1.06494,3.60,1.50
2012.01.31 23:28:09.217,1.06454,1.06491,1.50,1.50
2012.01.31 23:28:09.408,1.06458,1.06491,2.10,1.50
2012.01.31 23:28:09.479,1.06458,1.06494,3.60,1.50
2012.01.31 23:28:15.970,1.06453,1.0649,1.50,1.50
2012.01.31 23:28:58.460,1.06458,1.06497,1.50,2.25
2012.01.31 23:29:09.573,1.06458,1.06497,1.50,1.50
2012.01.31 23:29:13.209,1.06458,1.06497,1.50,2.25
2012.01.31 23:29:13.279,1.06457,1.06491,2.85,1.50
2012.01.31 23:29:13.677,1.06454,1.06491,2.25,2.25
2012.01.31 23:29:14.305,1.06454,1.06491,1.50,2.25
2012.01.31 23:29:30.390,1.06448,1.06487,3.60,2.25
2012.01.31 23:29:30.642,1.06448,1.06486,4.35,1.05
2012.01.31 23:29:30.841,1.06453,1.06488,1.50,1.05
2012.01.31 23:29:30.987,1.06453,1.06491,1.50,1.80
2012.01.31 23:29:36.314,1.06453,1.06492,1.50,4.65
2012.01.31 23:29:37.420,1.06453,1.06492,2.25,3.90
2012.01.31 23:29:38.371,1.06453,1.06492,2.25,3.90
2012.01.31 23:29:38.622,1.06453,1.06492,1.50,3.90
2012.01.31 23:29:38.691,1.06447,1.06486,2.25,1.50
2012.01.31 23:29:48.625,1.06447,1.06486,2.25,1.50
2012.01.31 23:29:49.671,1.06452,1.06491,1.50,2.25
2012.01.31 23:29:49.871,1.06452,1.06491,1.50,1.50
2012.01.31 23:29:50.001,1.06452,1.06491,2.25,1.50
2012.01.31 23:29:51.845,1.06452,1.06491,2.25,1.50
2012.01.31 23:30:12.507,1.06453,1.06491,1.50,1.50
2012.01.31 23:30:16.857,1.06452,1.06491,2.25,2.25
2012.01.31 23:30:17.192,1.06452,1.06491,2.25,1.50
2012.01.31 23:30:24.441,1.06448,1.0648,3.60,1.50
2012.01.31 23:30:24.572,1.06448,1.0648,2.85,1.50
2012.01.31 23:30:24.643,1.06449,1.06485,1.50,2.25
2012.01.31 23:30:24.772,1.06448,1.06485,4.35,1.50
2012.01.31 23:30:34.892,1.06448,1.06485,2.25,1.50
2012.01.31 23:30:35.093,1.06448,1.06485,2.25,1.50
2012.01.31 23:30:50.804,1.06448,1.06485,2.25,1.50
2012.01.31 23:30:51.022,1.06454,1.06491,2.25,1.50
2012.01.31 23:30:51.568,1.06457,1.06491,1.50,1.50
2012.01.31 23:30:52.952,1.06451,1.06485,1.50,1.50
2012.01.31 23:30:53.022,1.06448,1.06485,2.25,1.50
2012.01.31 23:30:54.348,1.06448,1.06485,2.25,1.50
2012.01.31 23:30:57.600,1.06447,1.06481,2.85,1.50
2012.01.31 23:30:57.664,1.06447,1.06481,2.85,1.50
2012.01.31 23:30:57.738,1.06449,1.06486,1.50,1.50
2012.01.31 23:30:57.861,1.06449,1.06486,1.50,1.50
2012.01.31 23:30:58.174,1.06458,1.06491,2.85,1.50
2012.01.31 23:30:58.361,1.06458,1.06486,2.10,1.50
2012.01.31 23:30:58.917,1.06456,1.06486,1.50,1.50
2012.01.31 23:31:03.834,1.06451,1.06486,1.50,1.50
2012.01.31 23:31:07.132,1.06452,1.06482,1.50,1.50
2012.01.31 23:31:07.323,1.06452,1.06482,1.50,1.50
2012.01.31 23:31:07.983,1.06452,1.06482,1.50,1.50
2012.01.31 23:31:08.614,1.06452,1.06482,1.50,1.50
2012.01.31 23:31:08.987,1.06453,1.06482,1.50,1.50
2012.01.31 23:31:10.387,1.06452,1.06482,1.50,1.50
2012.01.31 23:31:10.631,1.06453,1.06482,1.50,1.50
2012.01.31 23:31:13.210,1.06451,1.06482,1.50,1.50
2012.01.31 23:31:15.181,1.06451,1.06482,1.50,1.50
2012.01.31 23:31:15.493,1.06453,1.06487,1.50,1.50
2012.01.31 23:31:18.022,1.06452,1.06481,1.50,1.50
2012.01.31 23:31:18.092,1.06452,1.06481,1.50,1.50
2012.01.31 23:31:21.641,1.06451,1.06481,1.50,1.50
2012.01.31 23:31:25.138,1.06452,1.06476,1.50,1.50
2012.01.31 23:31:25.345,1.06451,1.06476,1.50,1.50
2012.01.31 23:31:26.123,1.06451,1.06476,1.50,1.50
2012.01.31 23:31:29.855,1.06448,1.06476,2.85,1.50
2012.01.31 23:31:33.373,1.06452,1.06476,1.50,1.50
2012.01.31 23:31:53.702,1.06451,1.06481,2.10,1.50
2012.01.31 23:31:54.695,1.06451,1.06476,2.10,1.50
2012.01.31 23:32:22.642,1.06452,1.06481,1.50,1.50
2012.01.31 23:32:23.052,1.06451,1.06481,2.25,1.50
2012.01.31 23:32:23.587,1.06452,1.06481,1.65,1.50
2012.01.31 23:32:24.603,1.06452,1.06481,1.65,1.50
2012.01.31 23:32:25.118,1.06451,1.06481,2.25,1.50
2012.01.31 23:32:31.702,1.06451,1.06476,1.50,1.50
2012.01.31 23:32:31.771,1.06451,1.06476,1.35,1.50
2012.01.31 23:32:37.161,1.06448,1.06476,2.10,1.50
2012.01.31 23:32:37.293,1.06448,1.06472,2.10,1.50
2012.01.31 23:32:37.736,1.06443,1.06472,1.50,1.50
2012.01.31 23:32:39.333,1.06443,1.06472,1.50,1.50
2012.01.31 23:32:39.464,1.06443,1.06476,1.50,1.50
2012.01.31 23:32:42.721,1.06448,1.06481,2.85,1.50
2012.01.31 23:32:46.851,1.06451,1.06481,1.50,1.50
2012.01.31 23:32:55.835,1.06448,1.06481,2.85,1.50
2012.01.31 23:32:59.368,1.06451,1.06481,1.50,1.50
2012.01.31 23:33:00.562,1.06448,1.06481,2.10,1.50
2012.01.31 23:33:04.201,1.06448,1.06481,2.85,1.50
2012.01.31 23:33:04.272,1.06448,1.06486,2.85,1.50
2012.01.31 23:33:29.241,1.06448,1.06486,2.85,1.50
2012.01.31 23:33:35.450,1.06451,1.06481,1.50,1.50
2012.01.31 23:33:35.652,1.06448,1.06481,2.10,1.50
2012.01.31 23:33:39.110,1.06448,1.06481,2.85,1.50
2012.01.31 23:33:42.644,1.06448,1.06481,2.10,1.50
2012.01.31 23:33:49.612,1.06442,1.06481,2.25,1.50
2012.01.31 23:33:49.686,1.06442,1.06481,2.25,1.50
2012.01.31 23:33:50.281,1.06441,1.06476,1.50,1.50
2012.01.31 23:33:50.832,1.06441,1.06476,1.50,1.50
2012.01.31 23:33:53.902,1.06441,1.06467,1.50,1.50
2012.01.31 23:33:53.976,1.06438,1.06467,2.10,1.50
2012.01.31 23:33:54.518,1.06431,1.06467,1.50,1.50
2012.01.31 23:33:58.092,1.06431,1.06467,1.50,1.50
2012.01.31 23:34:01.430,1.06431,1.06463,1.50,2.10
2012.01.31 23:34:01.672,1.06427,1.06459,1.50,1.50
2012.01.31 23:34:03.376,1.06422,1.06459,2.25,1.50
2012.01.31 23:34:05.196,1.06422,1.06459,2.25,1.50
2012.01.31 23:34:05.902,1.06422,1.06459,2.25,1.50
2012.01.31 23:34:07.154,1.06422,1.06459,2.25,1.50
2012.01.31 23:34:25.332,1.06422,1.06459,3.00,1.50
2012.01.31 23:34:25.702,1.06422,1.06459,3.00,1.50
2012.01.31 23:34:26.042,1.06422,1.06456,1.50,1.50
2012.01.31 23:34:26.231,1.06427,1.06457,1.50,1.50
2012.01.31 23:34:26.421,1.06428,1.06462,1.50,1.50
2012.01.31 23:34:28.701,1.06429,1.06467,2.25,1.05
2012.01.31 23:34:28.891,1.06429,1.06468,2.25,1.50
2012.01.31 23:34:29.413,1.06434,1.06473,2.25,1.50
2012.01.31 23:34:30.456,1.06427,1.06452,2.85,1.50
2012.01.31 23:34:30.765,1.06423,1.06452,1.50,1.50
2012.01.31 23:34:31.171,1.06419,1.06456,2.25,1.50
2012.01.31 23:34:31.430,1.06419,1.06456,2.25,1.50
2012.01.31 23:34:31.495,1.06423,1.06462,2.25,3.60
2012.01.31 23:34:31.567,1.06429,1.06468,2.25,2.25
2012.01.31 23:34:31.636,1.06429,1.06468,2.25,1.50
2012.01.31 23:34:33.891,1.06429,1.06468,2.25,1.50
2012.01.31 23:34:35.275,1.0644,1.06472,1.50,2.10
2012.01.31 23:34:35.464,1.0644,1.06477,1.50,1.50
2012.01.31 23:34:35.537,1.06445,1.0648,1.50,1.50
2012.01.31 23:34:35.853,1.06445,1.06478,1.50,1.50
2012.01.31 23:34:36.164,1.06445,1.06473,1.50,3.60
2012.01.31 23:34:36.234,1.06432,1.06466,1.50,1.50
2012.01.31 23:34:36.685,1.06433,1.06472,1.50,1.50
2012.01.31 23:34:36.754,1.06437,1.06472,2.10,1.50
2012.01.31 23:34:41.640,1.06437,1.06467,2.10,1.50
2012.01.31 23:34:41.881,1.06428,1.06467,4.35,1.50
2012.01.31 23:34:41.955,1.06428,1.06461,2.85,1.50
2012.01.31 23:34:42.026,1.06428,1.06461,2.10,1.50
2012.01.31 23:34:42.153,1.06428,1.06461,2.85,1.50
2012.01.31 23:34:45.202,1.06429,1.06466,2.25,2.25
2012.01.31 23:34:45.776,1.06429,1.06466,2.25,2.25
2012.01.31 23:34:45.849,1.06428,1.06462,2.85,1.50
2012.01.31 23:34:48.080,1.06428,1.06462,2.10,1.50
2012.01.31 23:34:48.641,1.06428,1.06462,2.85,1.50
2012.01.31 23:34:51.793,1.06432,1.06462,1.35,1.50
2012.01.31 23:34:52.234,1.06434,1.06473,3.00,3.60
2012.01.31 23:34:52.812,1.06434,1.06473,2.25,4.35
2012.01.31 23:34:53.052,1.06432,1.06467,1.35,1.50
2012.01.31 23:34:54.102,1.0643,1.06467,2.25,1.50
2012.01.31 23:34:55.076,1.0643,1.06467,2.25,1.50
2012.01.31 23:34:55.746,1.0643,1.06467,2.25,1.50
2012.01.31 23:35:01.612,1.0643,1.06467,2.25,1.50
2012.01.31 23:35:06.761,1.0643,1.06467,2.25,1.50
2012.01.31 23:35:07.765,1.0643,1.06467,1.50,1.50
2012.01.31 23:35:15.974,1.0643,1.06467,2.25,1.50
2012.01.31 23:35:16.354,1.0643,1.06467,2.25,1.50
2012.01.31 23:35:17.068,1.0643,1.06467,2.25,1.50
2012.01.31 23:35:17.715,1.0643,1.06467,2.25,1.50
2012.01.31 23:35:18.021,1.06435,1.06473,2.25,2.10
2012.01.31 23:35:18.154,1.06435,1.06473,1.50,2.85
2012.01.31 23:35:18.881,1.06435,1.06473,2.25,2.10
2012.01.31 23:35:22.183,1.06435,1.06462,1.50,2.10
2012.01.31 23:35:22.255,1.06428,1.06462,1.50,2.10
2012.01.31 23:35:27.439,1.06423,1.06459,1.50,1.50
2012.01.31 23:35:27.502,1.06426,1.06462,2.25,2.10
2012.01.31 23:35:29.372,1.06426,1.06462,2.25,2.10
2012.01.31 23:35:29.563,1.06422,1.06458,1.35,1.50
2012.01.31 23:35:31.443,1.06426,1.06462,2.25,2.10
2012.01.31 23:35:34.073,1.06426,1.06462,2.25,2.10
2012.01.31 23:35:34.501,1.0643,1.06469,2.25,1.50
2012.01.31 23:35:39.570,1.0643,1.06469,2.25,1.50
2012.01.31 23:35:40.397,1.0643,1.06469,2.25,1.50
2012.01.31 23:35:40.535,1.0643,1.06469,2.25,1.50
2012.01.31 23:35:41.095,1.0643,1.06469,2.25,1.50
2012.01.31 23:35:42.175,1.0643,1.06469,1.50,1.50
2012.01.31 23:35:42.830,1.0643,1.06469,2.25,1.50
2012.01.31 23:35:44.100,1.0643,1.06469,1.50,1.50
2012.01.31 23:35:44.982,1.0643,1.06469,2.25,1.50
2012.01.31 23:35:56.749,1.0643,1.06469,1.50,1.50
2012.01.31 23:35:56.876,1.0643,1.06469,2.25,1.50
2012.01.31 23:36:01.931,1.0643,1.06469,2.25,1.50
2012.01.31 23:36:03.350,1.0643,1.06469,2.25,1.50
2012.01.31 23:36:05.626,1.0643,1.06469,2.25,1.50
2012.01.31 23:36:10.610,1.0643,1.06469,2.25,1.50
2012.01.31 23:36:11.599,1.0643,1.06469,2.25,1.50
2012.01.31 23:36:11.722,1.06427,1.06463,2.85,1.50
2012.01.31 23:36:29.641,1.06426,1.06463,2.25,1.50
2012.01.31 23:36:31.315,1.06426,1.06463,2.25,1.50
2012.01.31 23:36:31.447,1.06432,1.06471,2.25,2.55
2012.01.31 23:36:31.633,1.06428,1.06465,2.85,2.25
2012.01.31 23:36:53.036,1.06428,1.06465,2.25,1.50
2012.01.31 23:36:53.266,1.06437,1.06473,2.25,2.10
2012.01.31 23:36:53.455,1.06437,1.06476,1.50,2.25
2012.01.31 23:36:53.860,1.06442,1.06479,1.50,1.50
2012.01.31 23:36:54.463,1.06444,1.06483,1.50,3.60
2012.01.31 23:37:02.135,1.06442,1.06479,1.50,1.50
2012.01.31 23:37:12.006,1.06442,1.06479,1.50,2.25
2012.01.31 23:37:15.638,1.06442,1.06479,1.50,1.50
2012.01.31 23:37:16.422,1.06445,1.06482,1.50,1.50
2012.01.31 23:37:22.672,1.06445,1.06482,1.50,2.25
2012.01.31 23:37:23.516,1.06442,1.06479,1.50,2.25
2012.01.31 23:37:26.692,1.06446,1.06483,1.50,4.35
2012.01.31 23:37:27.433,1.06446,1.06483,1.50,2.25
2012.01.31 23:37:40.124,1.06446,1.06483,2.25,2.25
2012.01.31 23:37:46.461,1.06446,1.06483,1.50,2.25
2012.01.31 23:37:50.822,1.06446,1.06483,2.25,1.50
2012.01.31 23:37:53.217,1.06446,1.06483,1.50,2.25
2012.01.31 23:37:57.995,1.06446,1.06483,1.50,2.25
2012.01.31 23:37:58.123,1.06446,1.06483,1.50,1.50
2012.01.31 23:37:58.193,1.06446,1.06483,1.50,2.25
2012.01.31 23:37:58.443,1.06441,1.06478,1.50,2.25
2012.01.31 23:37:58.991,1.06446,1.06483,1.50,3.00
2012.01.31 23:37:59.123,1.06446,1.06483,1.50,2.25
2012.01.31 23:38:17.486,1.06442,1.06478,1.50,1.50
2012.01.31 23:38:17.614,1.06441,1.06478,2.25,2.25
2012.01.31 23:38:18.052,1.06441,1.06478,2.25,2.25
2012.01.31 23:38:18.131,1.06445,1.06484,1.50,2.25
2012.01.31 23:38:20.622,1.06448,1.06484,2.10,3.00
2012.01.31 23:38:20.934,1.0646,1.06492,1.50,1.50
2012.01.31 23:38:21.325,1.06457,1.06493,2.40,2.25
2012.01.31 23:38:21.392,1.06456,1.06493,1.50,2.25
2012.01.31 23:38:21.462,1.06456,1.06493,1.50,2.25
2012.01.31 23:38:23.176,1.06456,1.06492,1.50,2.10
2012.01.31 23:38:23.246,1.06456,1.06492,1.50,2.85
2012.01.31 23:38:23.377,1.06451,1.0649,1.50,2.25
2012.01.31 23:38:23.448,1.06451,1.0649,1.50,2.25
2012.01.31 23:38:23.518,1.06445,1.06484,2.25,2.25
2012.01.31 23:38:23.890,1.06445,1.06484,1.50,2.25
2012.01.31 23:38:26.154,1.06445,1.06484,2.25,1.50
2012.01.31 23:38:29.341,1.06445,1.06484,1.50,2.25
2012.01.31 23:38:34.847,1.06445,1.06484,2.25,1.50
2012.01.31 23:38:36.424,1.06445,1.06484,1.50,2.25
2012.01.31 23:38:37.473,1.06445,1.06484,2.25,1.50
2012.01.31 23:38:46.379,1.06445,1.06484,1.50,2.25
2012.01.31 23:38:46.646,1.06451,1.06488,1.50,1.50
2012.01.31 23:38:46.714,1.06451,1.0649,2.25,2.25
2012.01.31 23:38:46.845,1.06456,1.06492,1.50,2.85
2012.01.31 23:38:47.168,1.06456,1.06495,1.50,3.00
2012.01.31 23:38:47.353,1.06456,1.06495,1.80,3.00
2012.01.31 23:38:47.606,1.06462,1.06499,1.50,2.25
2012.01.31 23:38:50.344,1.06462,1.06499,1.50,2.25
2012.01.31 23:39:05.761,1.06458,1.06497,1.65,2.25
2012.01.31 23:39:07.465,1.06458,1.06497,1.65,2.25
2012.01.31 23:39:09.381,1.06458,1.06497,1.65,1.50
2012.01.31 23:39:10.881,1.06462,1.06499,1.50,2.25
2012.01.31 23:39:11.434,1.06462,1.06499,1.50,2.25
2012.01.31 23:39:21.198,1.06462,1.06499,1.50,2.25
2012.01.31 23:39:27.412,1.06462,1.06499,1.50,2.25
2012.01.31 23:39:28.067,1.06462,1.06499,1.50,2.25
2012.01.31 23:39:46.458,1.06455,1.06494,2.40,1.50
2012.01.31 23:39:46.643,1.06455,1.06494,1.50,1.50
2012.01.31 23:39:47.612,1.06455,1.06494,2.25,1.50
2012.01.31 23:39:48.635,1.06454,1.06487,1.05,1.50
2012.01.31 23:39:48.883,1.06452,1.06487,1.05,1.50
2012.01.31 23:39:49.565,1.0645,1.06487,2.25,1.50
2012.01.31 23:39:51.761,1.0645,1.06487,2.25,1.50
2012.01.31 23:40:04.143,1.06449,1.06483,1.05,1.50
2012.01.31 23:40:04.460,1.06447,1.06483,1.05,1.50
2012.01.31 23:40:05.573,1.06446,1.06483,2.40,1.50
2012.01.31 23:40:06.376,1.0645,1.06487,2.25,1.50
2012.01.31 23:40:22.538,1.0645,1.06487,2.25,2.10
2012.01.31 23:40:22.844,1.06443,1.06475,1.50,1.50
2012.01.31 23:40:22.915,1.06447,1.06481,1.35,2.25
2012.01.31 23:40:23.103,1.06447,1.06486,3.15,1.50
2012.01.31 23:40:23.352,1.06449,1.06486,1.35,1.50
2012.01.31 23:40:29.148,1.06448,1.06486,1.05,1.50
2012.01.31 23:40:29.334,1.06448,1.06486,1.05,1.50
2012.01.31 23:40:30.191,1.06452,1.06489,1.80,1.50
2012.01.31 23:40:30.752,1.06452,1.06489,1.80,1.50
2012.01.31 23:40:34.201,1.06452,1.0648,1.05,1.50
2012.01.31 23:40:34.720,1.06444,1.0648,1.50,1.50
2012.01.31 23:40:35.307,1.06443,1.0648,3.75,1.50
2012.01.31 23:40:38.595,1.06444,1.0648,1.65,1.50
2012.01.31 23:40:41.042,1.06448,1.06485,4.50,1.50
2012.01.31 23:40:52.532,1.06456,1.06493,2.25,1.50
2012.01.31 23:40:52.602,1.06458,1.06492,2.10,2.10
2012.01.31 23:40:52.856,1.06463,1.06499,2.40,1.50
2012.01.31 23:40:53.372,1.06463,1.065,2.40,2.25
2012.01.31 23:40:54.881,1.06463,1.065,2.40,1.50
2012.01.31 23:40:55.133,1.06463,1.065,2.40,2.25
2012.01.31 23:40:56.242,1.06463,1.065,1.80,2.25
2012.01.31 23:40:57.824,1.06463,1.065,1.80,2.25
2012.01.31 23:40:58.142,1.06463,1.065,1.80,2.25
2012.01.31 23:41:03.176,1.06463,1.065,1.80,2.25
2012.01.31 23:41:08.171,1.06459,1.06496,1.80,1.50
2012.01.31 23:41:09.562,1.06459,1.06496,1.80,1.50
2012.01.31 23:41:13.145,1.06459,1.06496,1.80,1.50
2012.01.31 23:41:17.251,1.06459,1.06496,1.80,1.50
2012.01.31 23:41:18.571,1.06459,1.06496,1.65,1.50
2012.01.31 23:41:18.751,1.06459,1.06496,1.50,1.50
2012.01.31 23:41:39.635,1.06459,1.06496,2.25,1.50
2012.01.31 23:41:39.880,1.06459,1.06496,1.50,1.50
2012.01.31 23:41:57.028,1.06464,1.06503,1.50,1.50
2012.01.31 23:42:11.037,1.0646,1.06499,2.25,1.50
2012.01.31 23:42:11.104,1.0646,1.06499,1.50,1.50
2012.01.31 23:42:12.612,1.06467,1.06504,1.50,2.25
2012.01.31 23:42:31.634,1.06462,1.06499,1.50,1.50
2012.01.31 23:42:31.763,1.06458,1.06497,1.80,1.50
2012.01.31 23:42:39.671,1.06458,1.06497,2.25,1.50
2012.01.31 23:42:39.742,1.06462,1.06499,2.25,1.50
2012.01.31 23:43:04.792,1.06467,1.06506,1.50,2.25
2012.01.31 23:43:05.349,1.06467,1.06506,1.50,2.25
2012.01.31 23:43:05.413,1.06467,1.06506,1.50,1.50
2012.01.31 23:43:06.068,1.06469,1.06506,1.50,1.50
2012.01.31 23:43:06.376,1.06472,1.06509,1.50,1.50
2012.01.31 23:43:07.103,1.06471,1.0651,1.50,1.50
2012.01.31 23:43:09.048,1.06468,1.06505,1.50,1.50
2012.01.31 23:43:09.354,1.06464,1.06501,2.40,1.50
2012.01.31 23:43:16.903,1.06464,1.06501,1.65,1.50
2012.01.31 23:43:17.174,1.06464,1.06501,2.40,1.50
2012.01.31 23:43:17.570,1.06469,1.06506,1.50,1.50
2012.01.31 23:43:20.812,1.06472,1.06509,1.50,1.50
2012.01.31 23:43:27.145,1.06472,1.06509,1.50,2.25
2012.01.31 23:43:28.771,1.06468,1.06507,1.50,1.50
2012.01.31 23:43:29.937,1.06468,1.06507,2.25,1.50
2012.01.31 23:43:30.005,1.06472,1.06509,1.50,1.50
2012.01.31 23:43:30.926,1.06472,1.06509,1.50,2.25
2012.01.31 23:43:31.055,1.06468,1.06504,2.10,1.50
2012.01.31 23:43:45.532,1.06467,1.06504,1.50,1.50
2012.01.31 23:43:45.994,1.06461,1.06498,1.50,1.50
2012.01.31 23:43:46.305,1.06457,1.06494,3.75,1.50
2012.01.31 23:43:47.114,1.06457,1.06494,2.25,1.50
2012.01.31 23:43:47.512,1.06457,1.06494,2.25,1.50
2012.01.31 23:44:04.911,1.06453,1.0649,1.50,1.50
2012.01.31 23:44:08.450,1.06457,1.06495,2.85,1.50
2012.01.31 23:44:08.831,1.06457,1.06495,2.85,1.50
2012.01.31 23:44:14.913,1.06458,1.06495,2.10,1.50
2012.01.31 23:44:15.105,1.06461,1.06498,1.50,1.50
2012.01.31 23:44:15.474,1.06467,1.06504,1.50,1.50
2012.01.31 23:44:20.367,1.06467,1.06504,1.50,2.25
2012.01.31 23:44:20.542,1.06463,1.065,1.50,1.50
2012.01.31 23:44:21.195,1.06472,1.06503,2.25,1.05
2012.01.31 23:44:21.267,1.06472,1.06509,2.25,2.25
2012.01.31 23:44:21.413,1.06467,1.06504,4.35,2.25
2012.01.31 23:44:21.603,1.06467,1.06504,3.60,2.25
2012.01.31 23:44:22.463,1.06467,1.06504,1.50,2.25
2012.01.31 23:44:22.533,1.06463,1.065,2.25,1.50
2012.01.31 23:44:22.603,1.06463,1.065,1.50,2.25
2012.01.31 23:44:34.085,1.06466,1.06505,1.50,2.25
2012.01.31 23:44:34.331,1.06463,1.065,1.50,2.25
2012.01.31 23:44:34.763,1.06458,1.06497,1.50,1.50
2012.01.31 23:44:36.944,1.06463,1.065,1.50,2.25
2012.01.31 23:44:37.083,1.06459,1.06496,1.50,1.50
2012.01.31 23:44:37.516,1.06457,1.06493,2.10,1.50
2012.01.31 23:44:37.586,1.06454,1.06493,1.50,1.50
2012.01.31 23:44:39.392,1.06454,1.06493,1.50,2.25
2012.01.31 23:44:39.585,1.06451,1.06488,1.50,2.25
2012.01.31 23:44:56.672,1.06448,1.06481,2.10,1.50
2012.01.31 23:44:56.863,1.06442,1.06481,3.00,1.50
2012.01.31 23:44:56.934,1.06442,1.06481,3.00,1.50
2012.01.31 23:44:57.003,1.06446,1.06483,1.50,2.10
2012.01.31 23:44:57.074,1.06446,1.06485,1.50,1.50
2012.01.31 23:44:57.145,1.06446,1.06485,2.25,1.50
2012.01.31 23:44:57.452,1.06447,1.06485,2.10,1.50
2012.01.31 23:44:57.644,1.06447,1.06485,2.85,1.50
2012.01.31 23:44:57.892,1.06451,1.06488,2.25,1.50
2012.01.31 23:45:01.772,1.06451,1.06488,1.50,1.50
2012.01.31 23:45:17.132,1.06454,1.06493,2.25,1.50
2012.01.31 23:45:21.112,1.06454,1.06493,1.50,1.50
2012.01.31 23:45:40.101,1.06454,1.06493,2.25,1.50
2012.01.31 23:45:40.651,1.06454,1.06493,2.25,1.50
2012.01.31 23:45:42.410,1.06454,1.06493,2.25,1.50
2012.01.31 23:45:52.860,1.06454,1.06493,2.25,1.50
2012.01.31 23:45:54.463,1.06454,1.06493,2.25,1.50
2012.01.31 23:45:57.834,1.06459,1.06498,1.50,1.50
2012.01.31 23:45:58.755,1.06456,1.06493,1.50,1.50
2012.01.31 23:45:59.125,1.06451,1.0649,2.25,1.50
2012.01.31 23:45:59.665,1.06451,1.0649,2.25,1.50
2012.01.31 23:46:11.905,1.06455,1.06494,1.50,1.50
2012.01.31 23:46:11.979,1.06455,1.06494,2.25,1.50
2012.01.31 23:46:12.490,1.06455,1.06492,2.25,2.10
2012.01.31 23:46:12.674,1.06455,1.06494,1.50,2.25
2012.01.31 23:46:12.745,1.06449,1.06486,2.25,1.50
2012.01.31 23:46:12.934,1.06449,1.06486,1.50,1.50
2012.01.31 23:46:15.293,1.0644,1.06479,2.25,1.50
2012.01.31 23:46:15.365,1.0644,1.06479,2.25,1.50
2012.01.31 23:46:15.437,1.0644,1.06479,2.25,1.50
2012.01.31 23:46:16.140,1.06442,1.06479,1.50,1.50
2012.01.31 23:46:16.327,1.06444,1.06479,1.50,1.50
2012.01.31 23:46:16.458,1.0644,1.06479,2.25,2.25
2012.01.31 23:46:16.885,1.0644,1.06479,1.50,2.10
2012.01.31 23:46:16.957,1.06437,1.06474,2.25,1.50
2012.01.31 23:46:26.107,1.06433,1.0647,1.50,1.50
2012.01.31 23:46:32.943,1.0644,1.06477,1.50,1.65
2012.01.31 23:46:33.382,1.0644,1.06477,2.25,1.65
2012.01.31 23:46:34.061,1.0644,1.06477,2.25,1.65
2012.01.31 23:46:34.880,1.0644,1.06477,1.50,1.65
2012.01.31 23:46:46.141,1.0644,1.06477,2.25,1.50
2012.01.31 23:46:46.672,1.0644,1.06477,2.25,1.50
2012.01.31 23:46:52.412,1.0644,1.06477,1.50,1.50
2012.01.31 23:46:54.635,1.0644,1.06477,1.50,2.25
2012.01.31 23:46:54.823,1.0644,1.06479,1.50,2.25
2012.01.31 23:46:54.955,1.06445,1.06484,1.50,2.25
2012.01.31 23:46:56.902,1.06445,1.06484,1.50,2.25
2012.01.31 23:47:00.909,1.06445,1.06482,1.50,2.10
2012.01.31 23:47:01.216,1.06441,1.06478,1.50,2.25
2012.01.31 23:47:01.555,1.06445,1.06482,1.50,2.85
2012.01.31 23:47:09.692,1.06445,1.06482,1.50,2.10
2012.01.31 23:47:33.173,1.06445,1.06482,1.50,2.85
2012.01.31 23:47:51.215,1.0644,1.06477,1.50,1.50
2012.01.31 23:47:51.423,1.06435,1.06474,2.25,1.50
2012.01.31 23:47:51.494,1.06435,1.06472,2.25,2.10
2012.01.31 23:47:53.161,1.06435,1.06472,1.50,2.10
2012.01.31 23:47:53.809,1.06435,1.06472,1.50,2.85
2012.01.31 23:47:55.359,1.06435,1.06472,1.50,2.10
2012.01.31 23:47:56.673,1.06431,1.06468,2.25,1.50
2012.01.31 23:48:24.397,1.06431,1.06468,1.50,1.50
2012.01.31 23:48:55.646,1.06431,1.06468,2.25,1.50
2012.01.31 23:48:56.177,1.06431,1.06468,1.50,2.25
2012.01.31 23:48:59.078,1.06428,1.06472,2.85,2.85
2012.01.31 23:48:59.595,1.06428,1.06472,2.85,2.85
2012.01.31 23:49:01.180,1.06428,1.06472,2.85,2.85
2012.01.31 23:49:01.942,1.06428,1.06472,2.85,2.10
2012.01.31 23:49:06.953,1.06431,1.06468,2.25,1.50
2012.01.31 23:49:28.617,1.06431,1.06468,2.25,1.50
2012.01.31 23:49:29.834,1.06431,1.06468,2.25,1.50
2012.01.31 23:49:50.406,1.06431,1.06468,1.50,3.00
2012.01.31 23:49:50.472,1.06431,1.06468,2.25,1.50
2012.01.31 23:49:51.427,1.06431,1.06468,2.25,1.50
2012.01.31 23:50:08.354,1.06428,1.06472,2.85,2.85
2012.01.31 23:50:09.143,1.06436,1.06471,1.50,1.50
2012.01.31 23:50:10.163,1.06436,1.06472,1.50,2.85
2012.01.31 23:50:10.234,1.06431,1.06469,1.35,1.50
2012.01.31 23:50:10.365,1.0643,1.06469,1.50,2.25
2012.01.31 23:50:13.746,1.06428,1.06463,2.10,1.50
2012.01.31 23:50:13.936,1.06426,1.06463,2.25,3.60
2012.01.31 23:50:14.457,1.06431,1.06463,1.50,2.10
2012.01.31 23:50:14.647,1.06431,1.06468,1.50,1.50
2012.01.31 23:50:15.134,1.06431,1.06468,1.50,2.25
2012.01.31 23:50:15.443,1.06426,1.06463,1.35,3.60
2012.01.31 23:50:16.406,1.06424,1.06463,2.55,3.60
2012.01.31 23:50:21.906,1.06424,1.06463,2.25,4.35
2012.01.31 23:50:22.186,1.06422,1.06457,1.35,1.50
2012.01.31 23:50:22.374,1.06424,1.06463,2.25,3.60
2012.01.31 23:50:22.444,1.06424,1.06463,1.50,3.60
2012.01.31 23:50:24.316,1.06424,1.06463,2.25,3.60
2012.01.31 23:50:24.718,1.06421,1.06457,1.35,1.50
2012.01.31 23:50:25.305,1.06422,1.06457,1.35,1.50
2012.01.31 23:50:26.682,1.06424,1.06463,2.25,3.60
2012.01.31 23:50:26.752,1.06424,1.06463,1.50,3.60
2012.01.31 23:50:26.846,1.06424,1.06463,2.25,3.60
2012.01.31 23:50:27.219,1.06424,1.06462,1.50,1.50
2012.01.31 23:50:27.285,1.06422,1.06458,1.35,2.25
2012.01.31 23:50:27.654,1.0642,1.06452,2.25,2.10
2012.01.31 23:50:27.843,1.0642,1.06457,2.25,2.25
2012.01.31 23:50:27.914,1.06418,1.06453,2.85,1.50
2012.01.31 23:50:28.102,1.06414,1.06453,3.90,3.60
2012.01.31 23:50:29.298,1.06414,1.06453,3.75,4.20
2012.01.31 23:50:29.434,1.06414,1.06447,2.25,1.50
2012.01.31 23:50:29.623,1.06412,1.06447,1.50,1.50
2012.01.31 23:50:29.876,1.06414,1.06443,1.50,1.50
2012.01.31 23:50:30.207,1.06411,1.06442,1.50,2.25
2012.01.31 23:50:30.278,1.06411,1.06437,1.50,1.50
2012.01.31 23:50:30.465,1.06413,1.06442,1.50,3.90
2012.01.31 23:50:32.038,1.06411,1.06438,1.50,1.50
2012.01.31 23:50:32.227,1.06411,1.06442,1.50,3.60
2012.01.31 23:50:33.118,1.06411,1.06442,1.50,3.60
2012.01.31 23:50:57.987,1.06405,1.06442,2.25,3.60
2012.01.31 23:50:58.747,1.06405,1.06433,1.50,2.10
2012.01.31 23:50:58.814,1.06394,1.06431,2.25,1.50
2012.01.31 23:50:59.884,1.06394,1.06431,2.25,1.50
2012.01.31 23:51:01.205,1.06394,1.06431,2.25,1.50
2012.01.31 23:51:02.698,1.06394,1.06431,2.25,1.50
2012.01.31 23:51:04.651,1.06394,1.06431,2.25,1.50
2012.01.31 23:51:04.915,1.06394,1.06431,2.25,1.50
2012.01.31 23:51:14.316,1.06394,1.06431,2.25,1.50
2012.01.31 23:51:31.804,1.06394,1.06431,2.25,1.50
2012.01.31 23:51:32.153,1.06394,1.06431,2.25,1.50
2012.01.31 23:51:32.577,1.06394,1.06431,2.25,1.50
2012.01.31 23:51:32.968,1.06394,1.06431,2.25,1.50
2012.01.31 23:51:33.899,1.06394,1.06431,2.25,1.50
2012.01.31 23:51:35.986,1.06394,1.06431,2.25,1.50
2012.01.31 23:51:36.056,1.0639,1.06427,2.25,1.50
2012.01.31 23:51:36.495,1.06378,1.06417,4.35,1.50
2012.01.31 23:51:36.998,1.06378,1.06412,2.25,2.10
2012.01.31 23:51:37.484,1.06379,1.06416,2.25,1.50
2012.01.31 23:51:38.419,1.06379,1.06416,2.25,1.50
2012.01.31 23:51:38.809,1.06372,1.06409,2.25,1.50
2012.01.31 23:51:39.116,1.06369,1.06405,2.25,1.50
2012.01.31 23:51:39.243,1.06371,1.0641,2.25,1.50
2012.01.31 23:51:39.435,1.06369,1.06404,1.50,1.50
2012.01.31 23:51:39.804,1.06372,1.06409,2.25,1.50
2012.01.31 23:51:39.995,1.06368,1.06404,2.85,1.50
2012.01.31 23:51:44.695,1.06368,1.06404,2.85,1.50
2012.01.31 23:51:44.987,1.06368,1.06404,2.85,1.50
2012.01.31 23:51:45.145,1.06368,1.06404,2.85,1.50
2012.01.31 23:51:46.437,1.06374,1.06395,1.50,1.50
2012.01.31 23:51:46.566,1.06374,1.06403,1.50,2.10
2012.01.31 23:51:46.635,1.06369,1.06406,1.65,1.50
2012.01.31 23:51:46.704,1.06372,1.06411,2.25,1.50
2012.01.31 23:51:46.894,1.06374,1.06411,1.50,1.50
2012.01.31 23:51:47.336,1.06374,1.06411,1.50,1.50
2012.01.31 23:51:47.663,1.06374,1.06411,1.50,1.50
2012.01.31 23:51:50.631,1.06374,1.06411,2.25,1.65
2012.01.31 23:51:50.899,1.06374,1.06411,2.25,1.65
2012.01.31 23:51:51.089,1.06379,1.06417,2.25,1.35
2012.01.31 23:51:51.428,1.06379,1.06418,2.25,2.25
2012.01.31 23:51:52.490,1.06379,1.06417,1.50,1.05
2012.01.31 23:51:52.560,1.06377,1.06412,2.10,1.65
2012.01.31 23:51:52.748,1.0637,1.06407,3.00,1.50
2012.01.31 23:51:53.235,1.06371,1.06407,1.50,1.80
2012.01.31 23:51:53.309,1.06379,1.06413,1.50,3.00
2012.01.31 23:51:53.375,1.06379,1.06417,1.50,1.05
2012.01.31 23:51:53.446,1.06379,1.06418,2.25,1.80
2012.01.31 23:51:53.514,1.06383,1.06422,1.50,4.50
2012.01.31 23:51:53.979,1.06383,1.06422,2.25,2.40
2012.01.31 23:51:54.236,1.0639,1.06427,1.50,1.80
2012.01.31 23:51:55.266,1.0639,1.06427,1.50,1.80
2012.01.31 23:51:55.687,1.06386,1.06423,2.25,1.80
2012.01.31 23:51:56.224,1.06386,1.06423,2.25,3.90
2012.01.31 23:51:57.545,1.06381,1.0642,2.25,1.50
2012.01.31 23:51:59.407,1.06382,1.0642,1.50,1.50
2012.01.31 23:51:59.476,1.06387,1.06424,1.50,2.25
2012.01.31 23:51:59.549,1.06382,1.0642,1.50,1.50
2012.01.31 23:51:59.746,1.06381,1.0642,2.25,1.50
2012.01.31 23:52:04.903,1.06381,1.0642,2.25,1.50
2012.01.31 23:52:12.625,1.06389,1.06428,1.50,2.25
2012.01.31 23:52:12.694,1.06389,1.06428,1.50,1.50
2012.01.31 23:52:13.018,1.06384,1.06423,2.25,1.50
2012.01.31 23:52:13.837,1.06384,1.06423,1.50,1.50
2012.01.31 23:52:15.116,1.06384,1.06423,2.25,1.50
2012.01.31 23:52:16.624,1.06384,1.06423,1.50,2.25
2012.01.31 23:52:18.112,1.06384,1.06423,2.25,1.50
2012.01.31 23:52:18.235,1.06389,1.06428,1.50,1.50
2012.01.31 23:52:18.593,1.06387,1.06423,2.10,1.50
2012.01.31 23:52:19.036,1.06389,1.06428,1.50,2.25
2012.01.31 23:52:19.721,1.06394,1.06432,1.50,1.50
2012.01.31 23:52:23.093,1.06394,1.06433,1.50,2.25
2012.01.31 23:52:25.163,1.06394,1.06433,1.80,2.25
2012.01.31 23:52:25.685,1.06392,1.06428,1.05,1.50
2012.01.31 23:52:25.754,1.06389,1.06428,2.25,1.50
2012.01.31 23:52:25.826,1.06389,1.06428,1.50,2.25
2012.01.31 23:52:26.993,1.06389,1.06428,1.50,1.50
2012.01.31 23:52:27.936,1.06389,1.06428,1.50,2.25
2012.01.31 23:52:28.187,1.06389,1.06428,1.50,1.50
2012.01.31 23:52:28.707,1.06386,1.06423,2.25,1.50
2012.01.31 23:52:38.403,1.0638,1.06417,2.25,1.50
2012.01.31 23:52:38.726,1.0638,1.06417,1.50,2.25
2012.01.31 23:52:42.923,1.0638,1.06414,1.50,1.50
2012.01.31 23:52:43.116,1.06369,1.06406,1.50,2.25
2012.01.31 23:52:43.425,1.06369,1.06406,1.50,1.50
2012.01.31 23:52:43.979,1.06368,1.06402,2.10,1.50
2012.01.31 23:52:44.051,1.06363,1.06402,1.50,1.50
2012.01.31 23:52:44.295,1.06367,1.06406,1.50,2.25
2012.01.31 23:52:44.656,1.06367,1.06406,2.25,1.50
2012.01.31 23:52:44.853,1.06367,1.06406,2.25,1.50
2012.01.31 23:52:48.547,1.06367,1.06406,1.50,1.50
2012.01.31 23:52:49.664,1.06367,1.06406,2.25,1.50
2012.01.31 23:52:51.323,1.06367,1.06406,2.25,1.50
2012.01.31 23:52:51.776,1.06361,1.064,2.25,1.50
2012.01.31 23:52:52.912,1.06361,1.064,3.00,1.50
2012.01.31 23:52:54.282,1.06365,1.06404,2.25,1.50
2012.01.31 23:52:54.558,1.06365,1.06404,2.25,1.50
2012.01.31 23:52:58.965,1.06365,1.06404,2.25,1.50
2012.01.31 23:53:05.217,1.06369,1.06408,2.25,1.50
2012.01.31 23:53:09.535,1.06377,1.06413,1.50,2.10
2012.01.31 23:53:13.222,1.06377,1.06413,1.50,2.85
2012.01.31 23:53:13.331,1.06377,1.06413,1.50,2.85
2012.01.31 23:53:25.975,1.06371,1.06408,2.25,1.50
2012.01.31 23:53:26.163,1.06371,1.06408,2.25,1.50
2012.01.31 23:53:26.296,1.06375,1.06413,2.25,2.10
2012.01.31 23:53:26.799,1.06375,1.06413,1.50,2.10
2012.01.31 23:53:28.344,1.06374,1.06413,2.25,3.60
2012.01.31 23:53:28.473,1.06374,1.06413,1.50,3.60
2012.01.31 23:53:28.885,1.06374,1.06413,2.25,3.60
2012.01.31 23:53:29.257,1.06382,1.06413,1.50,2.10
2012.01.31 23:53:29.390,1.06382,1.06421,1.50,2.25
2012.01.31 23:53:31.558,1.06388,1.06422,1.50,2.85
2012.01.31 23:53:31.684,1.06381,1.0642,1.50,2.25
2012.01.31 23:53:31.756,1.06381,1.0642,1.50,2.25
2012.01.31 23:53:31.887,1.06381,1.0642,1.50,2.25
2012.01.31 23:53:32.017,1.06376,1.06415,2.25,1.50
2012.01.31 23:53:32.087,1.06376,1.06412,2.25,2.10
2012.01.31 23:53:32.335,1.06381,1.0642,2.25,1.50
2012.01.31 23:53:32.406,1.06387,1.06423,1.50,2.85
2012.01.31 23:53:32.481,1.06381,1.0642,1.50,2.25
2012.01.31 23:53:32.863,1.06376,1.06412,2.25,2.10
2012.01.31 23:53:33.115,1.06382,1.06419,1.50,2.25
2012.01.31 23:53:33.787,1.06386,1.06422,1.50,2.85
2012.01.31 23:53:34.047,1.06381,1.06418,1.50,1.50
2012.01.31 23:53:35.308,1.06385,1.06423,1.50,3.00
2012.01.31 23:53:35.382,1.06385,1.06423,1.50,2.10
2012.01.31 23:53:36.925,1.06385,1.06423,1.50,2.85
2012.01.31 23:53:40.094,1.06385,1.06423,1.50,2.85
2012.01.31 23:53:43.614,1.06385,1.06423,1.50,2.85
2012.01.31 23:53:46.305,1.06385,1.06423,1.50,2.85
2012.01.31 23:53:46.588,1.06385,1.06423,1.50,2.85
2012.01.31 23:53:47.418,1.06385,1.06424,1.50,2.25
2012.01.31 23:53:49.384,1.06387,1.06424,4.20,2.25
2012.01.31 23:53:49.912,1.06393,1.06432,1.50,2.25
2012.01.31 23:53:50.629,1.06393,1.06432,1.80,2.25
2012.01.31 23:53:51.453,1.06388,1.06427,1.80,1.50
2012.01.31 23:53:51.590,1.06388,1.06427,1.80,2.25
2012.01.31 23:53:51.658,1.06388,1.06427,1.80,1.50
2012.01.31 23:53:52.329,1.06388,1.06427,1.80,1.50
2012.01.31 23:53:55.313,1.06388,1.06427,1.80,1.50
2012.01.31 23:53:55.448,1.06388,1.06423,1.80,2.10
2012.01.31 23:53:55.818,1.06394,1.06431,1.65,3.15
2012.01.31 23:53:58.124,1.06394,1.06431,1.50,2.25
2012.01.31 23:53:58.893,1.06394,1.06431,1.50,2.25
2012.01.31 23:54:01.094,1.06394,1.06431,1.50,2.25
2012.01.31 23:54:01.484,1.0639,1.06427,1.50,2.25
2012.01.31 23:54:01.614,1.06393,1.06432,1.50,5.10
2012.01.31 23:54:01.683,1.06393,1.06432,1.50,5.10
2012.01.31 23:54:01.875,1.06393,1.06432,1.50,2.25
2012.01.31 23:54:01.943,1.06389,1.06428,1.50,2.25
2012.01.31 23:54:02.196,1.06389,1.06422,1.50,2.10
2012.01.31 23:54:02.267,1.06383,1.06422,1.80,3.60
2012.01.31 23:54:02.986,1.06383,1.06422,1.80,3.60
2012.01.31 23:54:06.653,1.06384,1.06422,1.05,3.60
2012.01.31 23:54:07.161,1.06393,1.06431,1.50,2.25
2012.01.31 23:54:10.713,1.06388,1.06427,1.50,2.25
2012.01.31 23:54:11.403,1.06388,1.06427,1.50,3.60
2012.01.31 23:54:14.932,1.06388,1.06427,1.50,4.35
2012.01.31 23:54:15.087,1.06388,1.06426,1.50,1.50
2012.01.31 23:54:15.585,1.06385,1.06422,1.50,4.35
2012.01.31 23:54:15.654,1.06385,1.06422,1.50,3.60
2012.01.31 23:54:20.912,1.06382,1.06417,1.05,1.50
2012.01.31 23:54:21.195,1.06385,1.06422,1.50,3.60
2012.01.31 23:54:23.006,1.06385,1.06422,1.50,4.35
2012.01.31 23:54:23.135,1.06385,1.06422,1.50,3.60
2012.01.31 23:54:37.843,1.06385,1.06422,1.50,4.35
2012.01.31 23:54:38.848,1.06385,1.06422,1.50,4.35
2012.01.31 23:54:39.188,1.06385,1.06422,1.50,4.35
2012.01.31 23:54:40.909,1.06385,1.06422,1.50,4.35
2012.01.31 23:54:41.130,1.06385,1.06422,1.50,4.35
2012.01.31 23:54:41.365,1.06385,1.06422,1.50,4.35
2012.01.31 23:54:41.794,1.06385,1.06422,1.50,4.35
2012.01.31 23:54:41.861,1.06385,1.06422,1.50,3.60
2012.01.31 23:54:42.335,1.06385,1.06422,1.50,4.35
2012.01.31 23:54:44.735,1.06385,1.06422,1.50,3.60
2012.01.31 23:54:55.624,1.06385,1.06422,1.50,4.35
2012.01.31 23:55:00.677,1.0638,1.06419,1.50,2.25
2012.01.31 23:55:01.147,1.06394,1.06421,1.50,1.50
2012.01.31 23:55:01.276,1.06388,1.06422,1.50,2.85
2012.01.31 23:55:01.567,1.06385,1.06422,1.50,2.85
2012.01.31 23:55:01.931,1.06385,1.06422,1.50,2.10
2012.01.31 23:55:03.667,1.06385,1.06422,1.50,2.85
2012.01.31 23:55:05.093,1.06385,1.06422,1.50,2.10
2012.01.31 23:55:05.164,1.06391,1.06422,1.50,2.10
2012.01.31 23:55:05.493,1.06391,1.06422,1.50,2.85
2012.01.31 23:55:07.098,1.06391,1.06428,1.50,2.25
2012.01.31 23:55:07.226,1.06396,1.06429,1.50,1.50
2012.01.31 23:55:07.296,1.06396,1.06431,1.50,1.80
2012.01.31 23:55:07.484,1.06391,1.06428,1.50,1.50
2012.01.31 23:55:07.558,1.06397,1.06432,1.50,1.50
2012.01.31 23:55:07.684,1.06397,1.06432,1.50,2.10
2012.01.31 23:55:07.822,1.06397,1.06432,1.50,2.85
2012.01.31 23:55:12.413,1.06397,1.06432,1.50,2.85
2012.01.31 23:55:12.483,1.06391,1.06428,2.25,2.25
2012.01.31 23:55:13.105,1.06391,1.06428,1.50,3.00
2012.01.31 23:55:19.046,1.06395,1.06433,1.50,2.10
2012.01.31 23:55:19.173,1.06395,1.06433,2.25,2.10
2012.01.31 23:55:20.619,1.06395,1.06433,1.50,2.85
2012.01.31 23:55:20.687,1.06401,1.06433,1.50,2.85
2012.01.31 23:55:20.934,1.06401,1.06438,1.50,1.50
2012.01.31 23:55:22.204,1.06396,1.06433,2.25,1.50
2012.01.31 23:55:22.518,1.064,1.06432,1.50,2.10
2012.01.31 23:55:22.586,1.064,1.06439,1.50,2.25
2012.01.31 23:55:30.058,1.064,1.06439,1.50,2.25
2012.01.31 23:55:36.383,1.064,1.06435,1.50,2.10
2012.01.31 23:55:36.695,1.064,1.06423,1.50,2.10
2012.01.31 23:55:36.769,1.06391,1.06423,2.25,2.10
2012.01.31 23:55:36.837,1.06397,1.06432,1.50,2.40
2012.01.31 23:55:36.965,1.06397,1.06433,1.50,1.50
2012.01.31 23:55:37.154,1.06401,1.06437,1.50,1.50
2012.01.31 23:55:37.465,1.06401,1.0644,1.50,2.25
2012.01.31 23:55:37.595,1.06396,1.06435,1.50,1.50
2012.01.31 23:55:37.724,1.06398,1.06435,2.10,1.50
2012.01.31 23:55:37.855,1.06401,1.06439,1.50,1.50
2012.01.31 23:55:38.515,1.06397,1.06436,1.50,1.50
2012.01.31 23:55:38.713,1.06401,1.0644,1.50,2.25
2012.01.31 23:55:39.034,1.06401,1.0644,1.50,2.25
2012.01.31 23:55:39.405,1.06401,1.0644,1.50,2.25
2012.01.31 23:55:39.804,1.06397,1.06436,1.50,1.50
2012.01.31 23:55:40.194,1.06397,1.06436,1.50,2.25
2012.01.31 23:55:40.404,1.06397,1.06436,2.25,1.50
2012.01.31 23:55:40.482,1.06402,1.06439,1.50,2.25
2012.01.31 23:55:41.027,1.06402,1.06439,1.50,2.25
2012.01.31 23:55:41.671,1.06407,1.06442,1.50,3.60
2012.01.31 23:55:42.995,1.06401,1.0644,1.50,2.25
2012.01.31 23:55:46.923,1.06397,1.06433,1.50,2.10
2012.01.31 23:55:47.257,1.06402,1.06439,1.50,2.25
2012.01.31 23:55:48.004,1.06407,1.06442,1.50,3.60
2012.01.31 23:55:48.162,1.06407,1.06442,1.50,2.85
2012.01.31 23:55:48.423,1.06407,1.06442,1.50,3.60
2012.01.31 23:55:48.675,1.064,1.06439,1.50,3.00
2012.01.31 23:55:50.045,1.064,1.06439,1.50,3.00
2012.01.31 23:55:51.191,1.06406,1.06441,1.50,1.65
2012.01.31 23:55:51.263,1.06402,1.06439,1.50,2.25
2012.01.31 23:55:51.695,1.06402,1.06439,1.50,3.00
2012.01.31 23:55:53.246,1.06402,1.06439,1.50,2.25
2012.01.31 23:56:00.684,1.06406,1.06442,1.50,2.10
2012.01.31 23:56:01.168,1.06402,1.06439,1.50,1.50
2012.01.31 23:56:01.234,1.06407,1.06442,1.50,2.85
2012.01.31 23:56:01.368,1.06407,1.06442,1.50,2.10
2012.01.31 23:56:13.154,1.06407,1.06442,1.50,2.85
2012.01.31 23:56:13.224,1.064,1.06439,1.50,2.25
2012.01.31 23:56:17.686,1.064,1.06439,2.25,1.50
2012.01.31 23:56:18.909,1.064,1.06439,1.50,3.00
2012.01.31 23:56:19.217,1.06395,1.06432,1.50,1.50
2012.01.31 23:56:28.219,1.06387,1.06426,4.35,1.50
2012.01.31 23:56:28.888,1.06388,1.06426,2.85,3.00
2012.01.31 23:56:29.504,1.06388,1.06426,2.85,1.50
2012.01.31 23:56:30.635,1.06388,1.06426,2.85,1.50
2012.01.31 23:56:30.706,1.06397,1.06432,2.25,2.10
2012.01.31 23:56:31.624,1.06401,1.0644,2.25,2.25
2012.01.31 23:56:32.385,1.06401,1.06439,1.50,1.50
2012.01.31 23:56:32.455,1.06398,1.06434,2.10,1.50
2012.01.31 23:56:32.881,1.06395,1.06432,2.25,2.10
2012.01.31 23:56:33.676,1.06391,1.06428,2.25,1.50
2012.01.31 23:56:33.986,1.06391,1.06428,2.25,1.50
2012.01.31 23:56:34.058,1.06396,1.06432,2.25,2.10
2012.01.31 23:56:34.124,1.06396,1.06432,2.25,2.10
2012.01.31 23:56:34.387,1.06396,1.06432,2.25,2.10
2012.01.31 23:56:34.959,1.064,1.06439,2.25,2.25
2012.01.31 23:56:35.468,1.06406,1.06443,1.50,1.50
2012.01.31 23:56:37.690,1.06407,1.06443,2.10,2.25
2012.01.31 23:56:37.756,1.06407,1.06446,3.60,1.50
2012.01.31 23:56:37.826,1.06404,1.06441,1.50,1.50
2012.01.31 23:56:38.504,1.06408,1.06441,2.10,1.50
2012.01.31 23:56:38.575,1.0641,1.06449,1.50,2.25
2012.01.31 23:56:38.884,1.06406,1.06443,1.50,1.50
2012.01.31 23:56:39.386,1.06406,1.06443,2.25,1.50
2012.01.31 23:56:39.576,1.06411,1.06448,1.50,2.25
2012.01.31 23:56:41.873,1.06418,1.06448,2.10,1.50
2012.01.31 23:56:42.004,1.06421,1.06458,1.50,2.25
2012.01.31 23:56:42.444,1.06414,1.06453,1.50,1.50
2012.01.31 23:56:42.957,1.06421,1.06458,1.50,3.00
2012.01.31 23:56:43.204,1.06414,1.06453,1.50,2.25
2012.01.31 23:56:46.381,1.06418,1.06453,2.10,2.25
2012.01.31 23:56:46.745,1.06415,1.06452,1.50,1.50
2012.01.31 23:56:47.237,1.06421,1.06458,1.50,1.50
2012.01.31 23:56:47.753,1.06417,1.06455,2.10,1.50
2012.01.31 23:56:48.005,1.0642,1.06459,1.50,2.25
2012.01.31 23:56:48.074,1.0642,1.06459,1.50,2.25
2012.01.31 23:56:48.204,1.06415,1.06452,1.50,1.50
2012.01.31 23:56:49.174,1.0641,1.06449,1.50,2.25
2012.01.31 23:56:51.600,1.0641,1.06449,2.25,1.50
2012.01.31 23:56:52.504,1.06414,1.06453,1.50,1.50
2012.01.31 23:56:52.635,1.06414,1.06453,2.25,1.50
2012.01.31 23:56:52.964,1.0642,1.06459,1.50,2.25
2012.01.31 23:56:53.165,1.06417,1.06454,2.10,1.50
2012.01.31 23:56:53.235,1.06415,1.06454,1.50,1.50
2012.01.31 23:56:54.238,1.06411,1.06448,1.50,1.50
2012.01.31 23:56:57.815,1.06411,1.06448,1.50,2.25
2012.01.31 23:56:58.004,1.06405,1.06444,1.50,2.25
2012.01.31 23:56:58.571,1.06405,1.06443,1.50,2.10
2012.01.31 23:57:02.263,1.06405,1.06443,2.25,2.10
2012.01.31 23:57:02.720,1.06405,1.06443,1.50,2.85
2012.01.31 23:57:04.123,1.06401,1.06438,2.25,1.50
2012.01.31 23:57:06.954,1.06401,1.06438,2.25,1.50
2012.01.31 23:57:29.372,1.06401,1.06438,2.25,1.50
2012.01.31 23:58:05.269,1.06397,1.06443,2.85,2.10
2012.01.31 23:58:10.063,1.06397,1.06443,2.85,2.85
2012.01.31 23:58:14.129,1.06397,1.06443,2.85,2.85
2012.01.31 23:58:14.456,1.06406,1.06443,1.50,2.25
2012.01.31 23:58:16.489,1.0641,1.06447,1.50,1.50
2012.01.31 23:58:21.225,1.06404,1.06443,1.50,1.50
2012.01.31 23:58:26.103,1.06404,1.06442,1.50,2.10
2012.01.31 23:58:31.113,1.06404,1.06443,1.50,1.50
2012.01.31 23:58:38.476,1.06404,1.06442,1.50,2.10
2012.01.31 23:58:38.547,1.06401,1.06438,2.25,1.50
2012.01.31 23:58:56.977,1.06407,1.06442,1.50,2.10
2012.01.31 23:58:57.117,1.06407,1.06444,1.50,1.50
2012.01.31 23:58:58.660,1.06407,1.06444,1.50,2.25
2012.01.31 23:58:58.725,1.064,1.06439,2.25,1.50
2012.01.31 23:59:14.625,1.06406,1.06442,1.50,2.10
2012.01.31 23:59:15.507,1.06411,1.06448,1.50,1.50
2012.01.31 23:59:15.586,1.06411,1.0645,1.50,2.25
2012.01.31 23:59:16.580,1.06411,1.0645,1.50,2.25
2012.01.31 23:59:16.705,1.06407,1.06446,1.50,1.50
2012.01.31 23:59:16.958,1.06407,1.06446,1.50,2.25
2012.01.31 23:59:17.365,1.06407,1.06446,1.50,1.50
2012.01.31 23:59:20.402,1.06411,1.06448,1.50,1.50
2012.01.31 23:59:20.706,1.06405,1.06442,1.50,1.50
2012.01.31 23:59:24.055,1.0641,1.06449,1.50,1.50
2012.01.31 23:59:25.445,1.0641,1.06449,1.50,2.25
2012.01.31 23:59:30.527,1.0641,1.06449,1.50,1.50
2012.01.31 23:59:30.774,1.06414,1.06453,1.50,3.60
2012.01.31 23:59:31.094,1.06419,1.06456,1.50,1.50
2012.01.31 23:59:32.108,1.06419,1.06456,1.50,3.00
2012.01.31 23:59:32.181,1.06412,1.06451,1.50,1.50
2012.01.31 23:59:32.547,1.06412,1.06451,1.50,2.25
2012.01.31 23:59:33.605,1.06412,1.06451,1.50,2.25
2012.01.31 23:59:35.640,1.06412,1.06451,1.50,1.50
2012.01.31 23:59:36.007,1.06418,1.06457,1.50,3.00
2012.01.31 23:59:36.214,1.06418,1.06457,1.50,2.25
2012.01.31 23:59:38.817,1.06418,1.06457,1.50,3.00
2012.01.31 23:59:38.885,1.06413,1.06452,1.50,2.25
2012.01.31 23:59:39.373,1.06413,1.06452,1.50,2.25
2012.01.31 23:59:41.173,1.06409,1.06446,1.50,2.25
2012.01.31 23:59:42.613,1.06409,1.06446,1.50,1.50
2012.01.31 23:59:49.173,1.06403,1.06442,1.50,1.50
2012.01.31 23:59:54.348,1.06403,1.06442,2.25,3.60
2012.01.31 23:59:54.595,1.06408,1.06447,1.50,2.25
2012.01.31 23:59:57.603,1.06408,1.06447,1.50,2.25
2012.01.31 23:59:59.445,1.06408,1.06447,1.50,2.25
2012.01.31 23:59:59.885,1.06408,1.06447,1.50,1.50
