2010.10.11 12:00:00.882,0.99585,0.9962,2.00,1.00
2010.10.11 12:00:01.097,0.99585,0.9962,6.80,1.00
2010.10.11 12:00:01.316,0.99585,0.9962,6.80,1.00
2010.10.11 12:00:02.675,0.9959,0.99625,1.00,2.00
2010.10.11 12:00:04.205,0.9959,0.9962,1.00,1.00
2010.10.11 12:00:05.665,0.99585,0.9962,6.90,1.00
2010.10.11 12:00:07.715,0.99595,0.99625,1.00,2.00
2010.10.11 12:00:08.264,0.9959,0.99625,1.00,2.10
2010.10.11 12:00:08.944,0.99595,0.99625,1.00,2.00
2010.10.11 12:00:09.307,0.9959,0.99625,1.00,2.10
2010.10.11 12:00:11.515,0.99595,0.99625,1.00,2.00
2010.10.11 12:00:12.324,0.9959,0.99625,1.00,2.10
2010.10.11 12:00:12.834,0.99595,0.99625,1.00,2.00
2010.10.11 12:00:13.166,0.9959,0.99625,1.00,2.10
2010.10.11 12:00:13.415,0.9959,0.9962,1.00,1.00
2010.10.11 12:00:14.050,0.99595,0.99625,1.00,2.00
2010.10.11 12:00:14.706,0.9959,0.9962,1.00,1.00
2010.10.11 12:00:15.386,0.99595,0.99625,1.00,2.00
2010.10.11 12:00:17.635,0.9959,0.9962,1.00,1.00
2010.10.11 12:00:17.915,0.99595,0.99625,1.00,2.00
2010.10.11 12:00:19.575,0.99595,0.99625,1.00,2.00
2010.10.11 12:00:20.704,0.9959,0.99625,1.00,2.10
2010.10.11 12:00:21.486,0.99595,0.99625,1.00,2.00
2010.10.11 12:00:22.445,0.9959,0.99625,1.00,2.10
2010.10.11 12:00:32.214,0.99595,0.99625,1.00,2.00
2010.10.11 12:00:34.405,0.9959,0.99625,1.00,2.10
2010.10.11 12:00:35.376,0.99595,0.99625,1.00,2.00
2010.10.11 12:00:35.815,0.9959,0.99625,1.00,2.10
2010.10.11 12:00:36.665,0.9959,0.9962,1.00,1.00
2010.10.11 12:00:37.304,0.9959,0.99625,1.00,2.20
2010.10.11 12:00:37.416,0.99585,0.9962,6.80,1.00
2010.10.11 12:00:37.695,0.99585,0.9962,6.40,1.00
2010.10.11 12:00:38.106,0.9959,0.9962,1.00,1.00
2010.10.11 12:00:38.266,0.99585,0.9962,6.80,1.00
2010.10.11 12:00:39.395,0.9959,0.9962,1.00,1.00
2010.10.11 12:00:40.946,0.99585,0.9962,6.90,1.00
2010.10.11 12:00:42.098,0.99585,0.99615,6.80,1.00
2010.10.11 12:00:43.144,0.9959,0.9962,1.00,1.00
2010.10.11 12:00:44.235,0.9959,0.9962,1.60,1.00
2010.10.11 12:00:44.579,0.9959,0.99625,1.00,2.10
2010.10.11 12:00:44.919,0.99585,0.99615,6.80,1.00
2010.10.11 12:00:52.926,0.9959,0.9962,1.00,1.00
2010.10.11 12:00:56.257,0.99585,0.99625,7.10,2.10
2010.10.11 12:00:56.490,0.99585,0.99625,7.10,1.00
2010.10.11 12:00:56.712,0.9959,0.9963,1.00,5.70
2010.10.11 12:00:58.455,0.99595,0.9963,1.00,5.70
2010.10.11 12:01:03.092,0.99595,0.9963,1.00,5.30
2010.10.11 12:01:03.676,0.99595,0.9963,1.00,5.40
2010.10.11 12:01:03.825,0.99595,0.99625,1.00,1.60
2010.10.11 12:01:03.964,0.99595,0.99625,1.00,2.00
2010.10.11 12:01:04.927,0.9959,0.9962,1.00,1.00
2010.10.11 12:01:05.593,0.99595,0.99625,1.00,2.00
2010.10.11 12:01:17.121,0.9959,0.9962,1.00,4.00
2010.10.11 12:01:17.301,0.99595,0.9962,1.00,1.60
2010.10.11 12:01:17.481,0.99595,0.99625,1.00,4.40
2010.10.11 12:01:17.662,0.99585,0.99625,6.80,2.00
2010.10.11 12:01:18.218,0.9959,0.9962,1.00,1.00
2010.10.11 12:01:19.235,0.9959,0.99625,1.00,2.00
2010.10.11 12:01:19.385,0.99585,0.9962,6.90,1.00
2010.10.11 12:01:22.625,0.99585,0.9962,7.10,1.00
2010.10.11 12:01:22.796,0.9959,0.99625,1.60,2.00
2010.10.11 12:01:22.968,0.99595,0.99625,1.00,2.00
2010.10.11 12:01:24.397,0.99595,0.99625,1.00,2.00
2010.10.11 12:01:25.216,0.99595,0.99625,1.00,2.00
2010.10.11 12:01:25.614,0.9959,0.99625,1.00,2.00
2010.10.11 12:01:25.832,0.9959,0.9962,1.00,1.00
2010.10.11 12:01:27.415,0.9959,0.99625,1.00,2.10
2010.10.11 12:01:28.009,0.99585,0.9962,6.90,1.00
2010.10.11 12:01:28.227,0.9959,0.9962,1.00,1.00
2010.10.11 12:01:28.367,0.9959,0.9962,1.00,4.40
2010.10.11 12:01:28.938,0.9959,0.99625,1.00,2.00
2010.10.11 12:01:29.277,0.9959,0.9962,1.00,1.00
2010.10.11 12:01:29.618,0.99585,0.99615,1.00,1.60
2010.10.11 12:01:29.798,0.99585,0.99615,1.00,2.00
2010.10.11 12:01:30.220,0.99585,0.99615,1.00,4.40
2010.10.11 12:01:30.407,0.99585,0.99615,1.00,2.00
2010.10.11 12:01:31.168,0.9958,0.99605,1.00,1.60
2010.10.11 12:01:31.510,0.99585,0.99615,1.00,1.60
2010.10.11 12:01:31.858,0.9958,0.99615,1.00,2.10
2010.10.11 12:01:32.515,0.99585,0.99615,1.00,2.00
2010.10.11 12:01:32.873,0.9958,0.99615,1.00,2.00
2010.10.11 12:01:32.980,0.9958,0.9961,1.00,1.60
2010.10.11 12:01:33.087,0.9958,0.9961,5.20,1.60
2010.10.11 12:01:33.199,0.99585,0.9962,1.60,4.40
2010.10.11 12:01:33.407,0.9958,0.9962,1.00,6.80
2010.10.11 12:01:33.515,0.9958,0.9962,2.80,6.80
2010.10.11 12:01:34.345,0.9958,0.9962,2.80,7.00
2010.10.11 12:01:34.626,0.9958,0.99615,1.00,2.40
2010.10.11 12:01:34.907,0.9958,0.9961,1.00,1.60
2010.10.11 12:01:35.187,0.9958,0.9962,2.90,6.90
2010.10.11 12:01:36.432,0.99585,0.9961,1.00,1.60
2010.10.11 12:01:36.523,0.9958,0.9961,1.00,4.40
2010.10.11 12:01:36.608,0.9958,0.99605,1.00,1.60
2010.10.11 12:01:36.700,0.9958,0.99605,1.00,1.60
2010.10.11 12:01:36.786,0.9958,0.99615,1.00,6.80
2010.10.11 12:01:37.331,0.9958,0.99615,1.00,2.00
2010.10.11 12:01:38.357,0.99585,0.99615,1.00,2.00
2010.10.11 12:01:38.495,0.9958,0.99615,1.00,2.00
2010.10.11 12:01:38.635,0.9958,0.9962,2.80,8.80
2010.10.11 12:01:38.774,0.9958,0.9962,2.80,6.40
2010.10.11 12:01:39.495,0.99585,0.9962,1.00,6.40
2010.10.11 12:01:41.415,0.9958,0.9962,2.80,6.60
2010.10.11 12:01:41.540,0.9958,0.99615,1.00,2.40
2010.10.11 12:01:41.797,0.9958,0.9961,1.00,1.60
2010.10.11 12:01:42.239,0.9958,0.9962,1.00,5.20
2010.10.11 12:01:42.502,0.99585,0.99625,1.00,6.80
2010.10.11 12:01:42.699,0.9959,0.9962,1.00,1.00
2010.10.11 12:01:43.887,0.99585,0.99615,1.00,1.60
2010.10.11 12:01:44.228,0.99585,0.9962,1.00,4.40
2010.10.11 12:01:44.908,0.9959,0.9962,1.00,4.40
2010.10.11 12:01:45.586,0.99595,0.9962,1.00,2.00
2010.10.11 12:01:45.925,0.99595,0.99625,1.00,4.40
2010.10.11 12:01:46.606,0.9959,0.9962,1.00,1.00
2010.10.11 12:01:47.409,0.9959,0.9962,1.00,4.40
2010.10.11 12:01:48.545,0.9959,0.9962,1.00,4.40
2010.10.11 12:01:51.175,0.99585,0.9962,1.00,4.40
2010.10.11 12:01:52.584,0.9959,0.9962,1.00,4.50
2010.10.11 12:01:54.087,0.99585,0.9962,1.00,4.50
2010.10.11 12:01:54.196,0.9959,0.9962,1.00,4.10
2010.10.11 12:01:54.256,0.9959,0.9962,1.00,1.70
2010.10.11 12:01:54.425,0.9959,0.9962,1.00,1.00
2010.10.11 12:01:54.846,0.9959,0.99625,1.00,4.50
2010.10.11 12:01:55.696,0.99595,0.99625,1.00,4.40
2010.10.11 12:01:59.035,0.9959,0.9962,1.00,1.00
2010.10.11 12:02:01.867,0.99595,0.99625,1.00,4.40
2010.10.11 12:02:02.932,0.9959,0.9962,1.00,1.00
2010.10.11 12:02:03.619,0.9959,0.9962,1.00,1.60
2010.10.11 12:02:04.101,0.9959,0.9962,1.00,2.40
2010.10.11 12:02:04.376,0.99595,0.99625,1.00,4.40
2010.10.11 12:02:05.667,0.9959,0.99625,1.00,4.60
2010.10.11 12:02:05.886,0.9959,0.9962,1.00,1.60
2010.10.11 12:02:05.991,0.99585,0.9962,1.00,4.40
2010.10.11 12:02:06.177,0.9959,0.9962,1.00,4.40
2010.10.11 12:02:06.365,0.9959,0.9962,1.00,4.00
2010.10.11 12:02:06.671,0.9959,0.9962,1.00,1.00
2010.10.11 12:02:07.007,0.9959,0.99625,1.00,4.50
2010.10.11 12:02:07.685,0.99595,0.99625,1.00,4.40
2010.10.11 12:02:09.376,0.9959,0.9962,1.00,1.00
2010.10.11 12:02:09.606,0.99595,0.99625,1.00,4.40
2010.10.11 12:02:10.388,0.9959,0.9962,1.00,1.00
2010.10.11 12:02:14.025,0.99595,0.99625,1.00,4.40
2010.10.11 12:02:17.125,0.9959,0.9962,1.00,1.00
2010.10.11 12:02:22.645,0.99595,0.99625,1.00,4.40
2010.10.11 12:02:32.824,0.9959,0.9962,1.00,1.00
2010.10.11 12:02:33.336,0.99595,0.99625,1.00,4.40
2010.10.11 12:02:33.841,0.9959,0.9962,1.00,1.00
2010.10.11 12:02:34.568,0.99595,0.99625,1.00,2.00
2010.10.11 12:02:35.586,0.9959,0.9962,2.00,1.00
2010.10.11 12:02:35.925,0.99595,0.99625,1.00,2.00
2010.10.11 12:02:37.555,0.9959,0.9962,2.00,1.00
2010.10.11 12:02:46.755,0.9959,0.99625,4.40,2.00
2010.10.11 12:02:47.114,0.99595,0.99625,1.00,1.00
2010.10.11 12:02:48.525,0.99595,0.99625,1.00,1.00
2010.10.11 12:02:48.814,0.99595,0.9962,1.00,1.00
2010.10.11 12:02:50.185,0.99595,0.99625,1.00,1.00
2010.10.11 12:02:53.493,0.99595,0.99625,1.00,1.00
2010.10.11 12:02:54.352,0.99595,0.9963,1.00,6.90
2010.10.11 12:03:01.334,0.99595,0.99625,1.00,1.00
2010.10.11 12:03:01.636,0.99595,0.99625,1.00,1.00
2010.10.11 12:03:03.797,0.996,0.9963,1.00,1.00
2010.10.11 12:03:04.436,0.996,0.99635,1.00,7.00
2010.10.11 12:03:04.726,0.996,0.99635,1.00,7.00
2010.10.11 12:03:06.506,0.996,0.99635,1.00,7.10
2010.10.11 12:03:07.447,0.99605,0.99635,1.00,1.00
2010.10.11 12:03:07.750,0.996,0.99635,1.00,5.00
2010.10.11 12:03:09.265,0.996,0.9963,1.00,1.00
2010.10.11 12:03:09.544,0.996,0.9963,1.00,1.00
2010.10.11 12:03:10.386,0.996,0.99635,1.00,5.10
2010.10.11 12:03:10.655,0.996,0.99625,1.00,1.00
2010.10.11 12:03:10.785,0.996,0.9963,1.00,1.00
2010.10.11 12:03:15.311,0.996,0.99635,1.00,7.60
2010.10.11 12:03:15.569,0.99595,0.99635,1.00,7.20
2010.10.11 12:03:16.206,0.9959,0.99635,6.80,7.20
2010.10.11 12:03:16.422,0.99595,0.9963,2.00,1.70
2010.10.11 12:03:16.771,0.99595,0.99625,1.00,1.60
2010.10.11 12:03:17.118,0.9959,0.99625,4.00,1.60
2010.10.11 12:03:17.639,0.99585,0.99625,4.40,4.00
2010.10.11 12:03:18.317,0.99585,0.99625,4.50,4.00
2010.10.11 12:03:19.162,0.99585,0.99625,6.90,4.00
2010.10.11 12:03:19.418,0.99585,0.99625,4.40,4.00
2010.10.11 12:03:19.677,0.99585,0.99625,1.00,7.00
2010.10.11 12:03:21.356,0.9958,0.9962,5.30,1.00
2010.10.11 12:03:21.927,0.99585,0.99625,2.40,4.60
2010.10.11 12:03:22.267,0.99585,0.99625,1.00,6.80
2010.10.11 12:03:22.606,0.9959,0.99625,1.00,2.00
2010.10.11 12:03:23.478,0.9959,0.99625,1.00,2.10
2010.10.11 12:03:23.816,0.9959,0.9962,1.00,1.00
2010.10.11 12:03:24.714,0.9959,0.99625,1.00,2.10
2010.10.11 12:03:25.985,0.99595,0.99625,1.00,2.00
2010.10.11 12:03:26.105,0.99595,0.99625,1.00,4.40
2010.10.11 12:03:26.500,0.99595,0.99615,1.00,1.60
2010.10.11 12:03:30.745,0.9959,0.99615,1.00,1.60
2010.10.11 12:03:31.128,0.9959,0.99605,1.00,1.60
2010.10.11 12:03:31.276,0.99595,0.99605,1.00,1.60
2010.10.11 12:03:31.468,0.9959,0.99615,1.00,1.60
2010.10.11 12:03:31.656,0.9959,0.99605,1.00,1.60
2010.10.11 12:03:32.098,0.99595,0.99605,1.00,1.60
2010.10.11 12:03:32.284,0.9959,0.99605,1.00,1.60
2010.10.11 12:03:32.628,0.9959,0.99625,1.00,6.40
2010.10.11 12:03:32.968,0.99595,0.99625,1.00,6.40
2010.10.11 12:03:34.058,0.9959,0.99625,1.00,6.40
2010.10.11 12:03:34.497,0.9959,0.9963,1.00,5.50
2010.10.11 12:03:34.676,0.9959,0.9963,1.00,5.50
2010.10.11 12:03:36.925,0.99585,0.99625,1.00,7.00
2010.10.11 12:03:37.432,0.99585,0.99625,1.00,5.40
2010.10.11 12:03:38.505,0.99585,0.99625,1.00,5.50
2010.10.11 12:03:38.794,0.99585,0.99625,1.00,7.10
2010.10.11 12:03:39.810,0.9959,0.99625,1.00,6.90
2010.10.11 12:03:39.888,0.9959,0.99625,2.00,6.90
2010.10.11 12:03:39.967,0.9959,0.99625,2.00,2.10
2010.10.11 12:03:40.048,0.9959,0.99625,2.00,1.60
2010.10.11 12:03:40.367,0.9959,0.99625,1.00,1.00
2010.10.11 12:03:40.528,0.9959,0.99625,1.00,2.80
2010.10.11 12:03:41.066,0.9959,0.99625,4.40,1.00
2010.10.11 12:03:42.465,0.9959,0.99625,4.40,1.00
2010.10.11 12:03:43.155,0.9959,0.99625,4.40,1.00
2010.10.11 12:03:43.283,0.99605,0.9963,1.00,4.00
2010.10.11 12:03:43.409,0.99605,0.9963,1.00,1.60
2010.10.11 12:03:43.664,0.99605,0.9963,1.00,1.00
2010.10.11 12:03:43.790,0.99605,0.99635,1.00,1.80
2010.10.11 12:03:44.587,0.99605,0.99635,1.00,1.90
2010.10.11 12:03:45.308,0.99605,0.99635,1.00,1.00
2010.10.11 12:03:45.430,0.99605,0.99635,1.00,1.00
2010.10.11 12:03:46.249,0.99605,0.99635,1.00,1.00
2010.10.11 12:03:48.435,0.99605,0.99635,1.00,1.00
2010.10.11 12:03:55.497,0.99605,0.99635,1.00,1.00
2010.10.11 12:03:55.636,0.9961,0.99635,1.00,1.00
2010.10.11 12:03:55.885,0.99605,0.99635,1.00,1.00
2010.10.11 12:04:01.596,0.996,0.99635,6.90,1.00
2010.10.11 12:04:01.695,0.996,0.99635,6.80,1.00
2010.10.11 12:04:04.064,0.996,0.99635,7.00,1.00
2010.10.11 12:04:04.305,0.9961,0.99635,1.00,1.00
2010.10.11 12:04:06.445,0.9961,0.99635,1.00,1.00
2010.10.11 12:04:06.905,0.9961,0.99635,2.10,1.00
2010.10.11 12:04:07.169,0.99615,0.99635,1.00,1.00
2010.10.11 12:04:07.438,0.9961,0.99635,1.00,1.00
2010.10.11 12:04:07.710,0.9961,0.99635,1.60,1.00
2010.10.11 12:04:07.981,0.99605,0.99635,2.80,1.00
2010.10.11 12:04:08.329,0.996,0.99635,1.00,1.00
2010.10.11 12:04:08.669,0.99595,0.99635,2.50,1.00
2010.10.11 12:04:09.009,0.99595,0.99635,4.40,4.00
2010.10.11 12:04:09.350,0.996,0.9964,1.60,7.90
2010.10.11 12:04:10.736,0.996,0.99635,1.60,1.70
2010.10.11 12:04:12.658,0.996,0.99635,1.60,1.60
2010.10.11 12:04:13.048,0.996,0.99635,1.70,1.70
2010.10.11 12:04:13.403,0.996,0.99635,1.00,4.10
2010.10.11 12:04:13.681,0.996,0.99635,1.70,1.70
2010.10.11 12:04:13.949,0.996,0.9963,1.60,1.00
2010.10.11 12:04:14.818,0.996,0.99635,1.60,1.70
2010.10.11 12:04:15.165,0.99605,0.9963,1.00,1.00
2010.10.11 12:04:15.742,0.99605,0.99635,1.00,1.00
2010.10.11 12:04:16.738,0.996,0.99635,1.00,1.00
2010.10.11 12:04:17.076,0.996,0.99635,1.00,1.00
2010.10.11 12:04:17.757,0.996,0.99635,1.00,1.00
2010.10.11 12:04:18.096,0.996,0.9964,1.00,6.40
2010.10.11 12:04:19.904,0.996,0.99635,1.00,1.00
2010.10.11 12:04:20.177,0.996,0.9964,1.00,6.40
2010.10.11 12:04:20.455,0.996,0.9964,1.00,4.80
2010.10.11 12:04:22.237,0.996,0.99635,1.00,1.00
2010.10.11 12:04:23.255,0.996,0.99635,1.00,1.00
2010.10.11 12:04:23.396,0.996,0.99635,1.00,4.40
2010.10.11 12:04:23.996,0.99595,0.99635,2.40,4.70
2010.10.11 12:04:26.496,0.996,0.9963,1.00,1.00
2010.10.11 12:04:26.666,0.996,0.99635,1.00,4.50
2010.10.11 12:04:26.836,0.996,0.99635,1.00,2.50
2010.10.11 12:04:27.165,0.996,0.99635,1.00,1.00
2010.10.11 12:04:27.706,0.996,0.9964,1.00,6.80
2010.10.11 12:04:28.346,0.9961,0.9964,1.00,4.00
2010.10.11 12:04:28.536,0.9961,0.9964,1.00,1.60
2010.10.11 12:04:29.618,0.9961,0.99645,4.40,5.50
2010.10.11 12:04:29.791,0.99615,0.9964,1.00,2.40
2010.10.11 12:04:29.970,0.99605,0.9964,2.00,2.00
2010.10.11 12:04:30.176,0.9961,0.9964,1.00,1.60
2010.10.11 12:04:30.377,0.9961,0.9964,1.00,1.00
2010.10.11 12:04:31.606,0.9961,0.9964,1.00,1.00
2010.10.11 12:04:37.745,0.9961,0.99635,1.00,1.00
2010.10.11 12:04:42.696,0.9961,0.9964,1.00,1.00
2010.10.11 12:04:49.435,0.9961,0.99635,1.00,1.00
2010.10.11 12:04:50.455,0.9961,0.9964,1.00,1.00
2010.10.11 12:04:51.792,0.9961,0.99635,1.00,1.00
2010.10.11 12:05:02.697,0.9961,0.99635,1.00,1.00
2010.10.11 12:05:03.687,0.996,0.99635,2.80,2.20
2010.10.11 12:05:04.015,0.99595,0.99635,1.00,7.00
2010.10.11 12:05:04.697,0.996,0.99635,1.00,7.40
2010.10.11 12:05:05.037,0.996,0.99635,1.00,4.80
2010.10.11 12:05:05.376,0.996,0.9963,1.00,1.00
2010.10.11 12:05:05.719,0.996,0.99635,1.00,1.00
2010.10.11 12:05:06.648,0.996,0.99635,2.80,1.00
2010.10.11 12:05:06.957,0.99605,0.9964,1.60,1.00
2010.10.11 12:05:07.249,0.99605,0.9964,1.60,1.00
2010.10.11 12:05:07.537,0.9961,0.9964,1.00,1.00
2010.10.11 12:05:09.585,0.9961,0.9964,1.00,1.00
2010.10.11 12:05:10.266,0.9961,0.9964,1.00,1.00
2010.10.11 12:05:10.936,0.9961,0.9964,1.00,1.00
2010.10.11 12:05:16.867,0.9961,0.99635,1.00,1.00
2010.10.11 12:05:19.016,0.9961,0.9964,1.00,1.00
2010.10.11 12:05:22.167,0.9961,0.99635,1.00,1.00
2010.10.11 12:05:22.906,0.9961,0.9964,1.00,1.00
2010.10.11 12:05:30.446,0.9961,0.99645,1.00,6.90
2010.10.11 12:05:30.899,0.9961,0.9964,1.00,1.00
2010.10.11 12:05:31.237,0.9961,0.9964,1.00,1.70
2010.10.11 12:05:31.576,0.9961,0.9964,1.00,1.00
2010.10.11 12:05:31.917,0.9961,0.99635,1.00,1.00
2010.10.11 12:05:35.079,0.9961,0.9964,1.00,1.70
2010.10.11 12:05:35.351,0.9959,0.9963,2.90,4.00
2010.10.11 12:05:35.698,0.9959,0.9963,3.70,4.00
2010.10.11 12:05:35.968,0.9961,0.9963,1.00,1.00
2010.10.11 12:05:37.841,0.9961,0.9964,1.00,1.70
2010.10.11 12:05:38.141,0.9961,0.99635,1.00,1.00
2010.10.11 12:05:38.766,0.996,0.99635,1.00,1.00
2010.10.11 12:05:39.107,0.996,0.9964,1.00,5.50
2010.10.11 12:05:39.445,0.99595,0.9964,5.30,5.50
2010.10.11 12:05:39.665,0.99595,0.9964,5.20,5.40
2010.10.11 12:05:40.107,0.996,0.9964,1.00,5.20
2010.10.11 12:05:40.506,0.996,0.9964,1.00,5.30
2010.10.11 12:05:42.345,0.99605,0.99635,1.00,1.00
2010.10.11 12:05:45.786,0.99605,0.9964,1.00,4.90
2010.10.11 12:05:47.856,0.9961,0.9964,1.00,1.00
2010.10.11 12:05:48.471,0.99605,0.99635,1.00,1.00
2010.10.11 12:05:48.780,0.99605,0.9964,2.80,1.00
2010.10.11 12:05:50.561,0.9961,0.99645,1.00,2.90
2010.10.11 12:05:50.688,0.99605,0.99635,2.80,1.00
2010.10.11 12:05:51.505,0.99605,0.99635,2.40,1.00
2010.10.11 12:05:51.748,0.996,0.99635,2.10,1.00
2010.10.11 12:05:52.464,0.996,0.99635,2.00,1.00
2010.10.11 12:05:53.435,0.99605,0.99635,1.00,1.00
2010.10.11 12:05:54.568,0.9961,0.9964,1.00,8.80
2010.10.11 12:05:54.721,0.9961,0.9964,1.00,4.00
2010.10.11 12:05:54.856,0.99605,0.9964,1.00,4.40
2010.10.11 12:05:54.996,0.99605,0.99635,1.00,1.00
2010.10.11 12:05:55.296,0.99605,0.99635,1.00,1.00
2010.10.11 12:05:57.307,0.99605,0.9963,1.00,1.00
2010.10.11 12:06:00.736,0.99605,0.99635,1.00,1.00
2010.10.11 12:06:01.057,0.99605,0.99635,1.00,1.00
2010.10.11 12:06:01.377,0.996,0.99635,4.50,1.00
2010.10.11 12:06:01.715,0.996,0.99635,2.10,1.00
2010.10.11 12:06:02.395,0.996,0.99635,2.00,1.00
2010.10.11 12:06:03.526,0.996,0.99635,2.10,1.00
2010.10.11 12:06:04.146,0.996,0.99635,1.00,2.90
2010.10.11 12:06:04.935,0.996,0.99635,1.00,3.00
2010.10.11 12:06:05.277,0.99595,0.99635,1.00,5.40
2010.10.11 12:06:12.070,0.9959,0.99635,6.80,5.40
2010.10.11 12:06:12.215,0.9959,0.9963,6.80,2.60
2010.10.11 12:06:12.547,0.9959,0.9963,6.40,4.60
2010.10.11 12:06:12.690,0.9959,0.9963,1.60,9.40
2010.10.11 12:06:13.616,0.99595,0.9963,1.00,9.40
2010.10.11 12:06:16.077,0.9959,0.9963,1.70,9.50
2010.10.11 12:06:16.395,0.9959,0.99625,1.00,1.60
2010.10.11 12:06:16.581,0.9959,0.9963,6.80,1.00
2010.10.11 12:06:16.772,0.99595,0.99635,2.60,2.40
2010.10.11 12:06:17.366,0.996,0.99635,6.80,1.00
2010.10.11 12:06:18.050,0.996,0.99635,4.40,1.00
2010.10.11 12:06:18.327,0.9959,0.9963,4.40,4.00
2010.10.11 12:06:18.607,0.99595,0.99635,2.40,4.90
2010.10.11 12:06:18.885,0.99595,0.99635,2.40,2.50
2010.10.11 12:06:19.706,0.99595,0.9963,2.40,1.00
2010.10.11 12:06:21.330,0.99595,0.99635,2.50,2.50
2010.10.11 12:06:22.366,0.99595,0.99635,2.40,2.40
2010.10.11 12:06:23.695,0.99595,0.99635,2.70,2.40
2010.10.11 12:06:23.887,0.996,0.99635,2.00,2.40
2010.10.11 12:06:24.076,0.996,0.9964,4.40,4.10
2010.10.11 12:06:24.877,0.996,0.9964,4.40,2.50
2010.10.11 12:06:25.040,0.996,0.9964,4.40,1.00
2010.10.11 12:06:25.199,0.996,0.9964,2.80,1.60
2010.10.11 12:06:25.358,0.996,0.9964,1.00,6.40
2010.10.11 12:06:26.199,0.996,0.9964,9.20,1.60
2010.10.11 12:06:26.539,0.996,0.9964,9.20,1.00
2010.10.11 12:06:27.248,0.9961,0.9964,1.00,1.00
2010.10.11 12:06:27.835,0.9961,0.99635,1.00,1.00
2010.10.11 12:06:29.247,0.9961,0.9964,1.00,1.00
2010.10.11 12:06:29.525,0.9961,0.99635,1.00,1.00
2010.10.11 12:06:34.667,0.9961,0.99635,1.00,1.00
2010.10.11 12:06:35.566,0.9961,0.99635,1.00,1.00
2010.10.11 12:06:38.438,0.9961,0.9964,1.00,1.70
2010.10.11 12:06:38.518,0.9961,0.9964,1.00,1.00
2010.10.11 12:06:39.583,0.9961,0.9964,1.00,1.00
2010.10.11 12:06:44.115,0.9961,0.99635,1.00,1.00
2010.10.11 12:06:45.456,0.9961,0.9964,1.00,1.00
2010.10.11 12:06:49.398,0.99605,0.99635,1.00,1.60
2010.10.11 12:06:49.657,0.99605,0.9964,1.00,6.80
2010.10.11 12:06:50.506,0.99605,0.99635,1.00,1.00
2010.10.11 12:06:50.846,0.996,0.99635,1.00,5.20
2010.10.11 12:06:52.160,0.99605,0.99635,1.00,5.20
2010.10.11 12:06:53.026,0.996,0.99635,1.00,5.20
2010.10.11 12:06:53.206,0.99605,0.99635,1.00,1.00
2010.10.11 12:06:54.357,0.99605,0.99635,1.00,1.00
2010.10.11 12:06:55.329,0.9961,0.99635,1.00,1.00
2010.10.11 12:06:55.879,0.99605,0.9964,1.00,1.00
2010.10.11 12:06:56.242,0.9961,0.9964,1.00,1.00
2010.10.11 12:06:56.834,0.99595,0.99635,4.80,1.80
2010.10.11 12:06:57.189,0.99595,0.99635,1.00,5.00
2010.10.11 12:06:57.721,0.99595,0.9963,1.00,1.00
2010.10.11 12:06:58.059,0.9959,0.99635,9.40,5.20
2010.10.11 12:06:58.399,0.99595,0.9964,5.00,4.80
2010.10.11 12:06:58.737,0.996,0.9964,2.80,4.80
2010.10.11 12:06:59.418,0.9961,0.9964,4.00,4.80
2010.10.11 12:06:59.748,0.9961,0.9964,1.00,1.60
2010.10.11 12:07:00.078,0.996,0.99635,2.80,1.00
2010.10.11 12:07:00.885,0.996,0.9964,2.80,6.40
2010.10.11 12:07:01.226,0.996,0.9964,2.80,4.80
2010.10.11 12:07:01.567,0.996,0.9964,2.80,4.90
2010.10.11 12:07:01.909,0.9961,0.9964,1.00,2.40
2010.10.11 12:07:02.248,0.99615,0.99645,1.60,1.00
2010.10.11 12:07:02.589,0.99605,0.99645,1.00,5.20
2010.10.11 12:07:02.928,0.9961,0.9965,2.80,5.00
2010.10.11 12:07:03.268,0.99615,0.9965,2.00,4.80
2010.10.11 12:07:03.763,0.99615,0.9965,4.40,2.40
2010.10.11 12:07:04.108,0.99615,0.99655,6.80,1.70
2010.10.11 12:07:04.448,0.99615,0.9965,2.00,1.00
2010.10.11 12:07:04.787,0.99615,0.9965,2.00,1.00
2010.10.11 12:07:05.427,0.99615,0.99645,1.00,1.00
2010.10.11 12:07:05.748,0.9961,0.9965,4.00,7.40
2010.10.11 12:07:06.026,0.9961,0.9965,1.60,7.40
2010.10.11 12:07:06.307,0.9961,0.9965,1.60,7.40
2010.10.11 12:07:07.586,0.9961,0.99645,1.60,1.00
2010.10.11 12:07:09.357,0.9961,0.99645,1.60,1.00
2010.10.11 12:07:10.547,0.99615,0.9965,2.40,4.80
2010.10.11 12:07:10.864,0.9962,0.9965,1.00,1.60
2010.10.11 12:07:11.528,0.9962,0.9965,1.00,1.00
2010.10.11 12:07:11.746,0.9962,0.9965,2.00,1.00
2010.10.11 12:07:12.571,0.9962,0.9965,2.10,1.00
2010.10.11 12:07:18.946,0.9962,0.9965,1.00,2.00
2010.10.11 12:07:19.905,0.9962,0.9965,1.00,2.00
2010.10.11 12:07:20.863,0.9961,0.99645,4.00,1.00
2010.10.11 12:07:21.048,0.9962,0.9965,2.60,6.80
2010.10.11 12:07:21.374,0.9962,0.9965,4.00,1.00
2010.10.11 12:07:21.720,0.99615,0.9965,2.80,2.00
2010.10.11 12:07:22.060,0.99615,0.9965,1.00,4.00
2010.10.11 12:07:23.355,0.9961,0.9965,4.10,4.10
2010.10.11 12:07:23.978,0.9961,0.9965,6.40,4.00
2010.10.11 12:07:24.166,0.99615,0.9965,1.00,1.60
2010.10.11 12:07:24.750,0.99615,0.9965,1.00,1.60
2010.10.11 12:07:25.138,0.99615,0.9965,1.00,1.70
2010.10.11 12:07:25.338,0.99615,0.9965,1.00,1.60
2010.10.11 12:07:25.770,0.9962,0.9965,1.00,1.60
2010.10.11 12:07:26.106,0.99615,0.9965,1.00,1.60
2010.10.11 12:07:33.425,0.9962,0.9965,1.00,1.60
2010.10.11 12:07:33.516,0.99615,0.9965,1.00,2.00
2010.10.11 12:07:33.606,0.99615,0.9965,1.00,6.80
2010.10.11 12:07:33.966,0.99615,0.9965,1.00,6.80
2010.10.11 12:07:35.456,0.9962,0.9965,1.00,6.80
2010.10.11 12:07:36.557,0.9962,0.9965,1.00,6.90
2010.10.11 12:07:37.697,0.99615,0.99645,1.00,1.00
2010.10.11 12:07:37.967,0.99615,0.99645,1.00,1.00
2010.10.11 12:07:40.569,0.99615,0.99645,1.00,1.00
2010.10.11 12:07:40.706,0.99615,0.99645,1.00,1.00
2010.10.11 12:07:40.846,0.9962,0.99645,1.00,1.00
2010.10.11 12:07:42.546,0.9962,0.99645,1.00,1.00
2010.10.11 12:07:44.819,0.9962,0.9965,1.00,1.60
2010.10.11 12:07:44.936,0.9962,0.9965,1.00,1.70
2010.10.11 12:07:45.173,0.9962,0.9965,2.10,1.00
2010.10.11 12:07:45.287,0.9962,0.99655,2.10,2.90
2010.10.11 12:07:45.408,0.99625,0.99655,1.00,4.10
2010.10.11 12:07:45.526,0.99625,0.99655,1.00,1.70
2010.10.11 12:07:45.865,0.99625,0.99655,1.00,1.00
2010.10.11 12:07:46.559,0.99625,0.99655,1.00,1.70
2010.10.11 12:07:46.778,0.9962,0.9965,4.00,1.00
2010.10.11 12:07:47.079,0.99625,0.9965,1.00,1.00
2010.10.11 12:07:48.439,0.9962,0.99655,1.00,1.60
2010.10.11 12:07:48.897,0.99615,0.9965,6.80,1.00
2010.10.11 12:07:50.583,0.99615,0.99645,6.80,1.00
2010.10.11 12:07:50.866,0.99615,0.99645,2.40,1.00
2010.10.11 12:07:50.996,0.9961,0.99645,5.20,1.00
2010.10.11 12:07:51.292,0.9961,0.9965,6.80,1.00
2010.10.11 12:07:52.099,0.9961,0.99645,6.80,1.00
2010.10.11 12:07:52.428,0.9961,0.99645,5.20,1.00
2010.10.11 12:07:52.919,0.9961,0.99645,2.80,1.00
2010.10.11 12:07:54.107,0.99615,0.99645,1.00,1.00
2010.10.11 12:07:58.366,0.9961,0.99645,5.20,1.00
2010.10.11 12:07:58.517,0.9961,0.99645,2.80,5.20
2010.10.11 12:07:58.921,0.9961,0.9964,1.00,1.00
2010.10.11 12:07:59.021,0.996,0.9964,9.20,1.00
2010.10.11 12:08:00.535,0.996,0.9964,9.30,1.00
2010.10.11 12:08:00.846,0.996,0.9964,6.90,4.10
2010.10.11 12:08:01.187,0.996,0.99635,6.80,1.00
2010.10.11 12:08:02.467,0.996,0.9964,7.00,4.00
2010.10.11 12:08:02.809,0.99605,0.9964,4.40,1.00
2010.10.11 12:08:03.459,0.99605,0.9964,4.40,1.00
2010.10.11 12:08:07.500,0.99605,0.9964,4.40,1.00
2010.10.11 12:08:08.406,0.99605,0.99635,4.40,1.00
2010.10.11 12:08:09.295,0.99605,0.99635,4.40,1.00
2010.10.11 12:08:09.399,0.99605,0.99635,4.50,1.00
2010.10.11 12:08:09.846,0.99605,0.99635,4.40,1.00
2010.10.11 12:08:10.370,0.996,0.99635,6.90,1.00
2010.10.11 12:08:10.649,0.996,0.99635,6.80,1.00
2010.10.11 12:08:10.930,0.996,0.9963,1.00,1.00
2010.10.11 12:08:11.209,0.996,0.9963,6.80,1.00
2010.10.11 12:08:12.542,0.996,0.9963,5.20,1.00
2010.10.11 12:08:12.734,0.996,0.9963,2.80,1.00
2010.10.11 12:08:14.157,0.996,0.99635,2.80,1.00
2010.10.11 12:08:14.418,0.996,0.9963,1.00,1.60
2010.10.11 12:08:14.677,0.996,0.99635,1.00,4.80
2010.10.11 12:08:14.938,0.996,0.9963,2.80,1.00
2010.10.11 12:08:17.959,0.996,0.9963,2.80,1.60
2010.10.11 12:08:18.410,0.99595,0.9963,2.00,1.60
2010.10.11 12:08:19.456,0.99595,0.9963,2.10,1.70
2010.10.11 12:08:22.425,0.99595,0.99625,2.10,1.00
2010.10.11 12:08:24.855,0.996,0.9963,1.00,1.70
2010.10.11 12:08:26.749,0.99595,0.99625,1.60,1.00
2010.10.11 12:08:27.127,0.99595,0.99625,1.60,1.00
2010.10.11 12:08:27.286,0.99595,0.99625,1.00,1.00
2010.10.11 12:08:28.095,0.9959,0.9962,2.80,1.00
2010.10.11 12:08:28.566,0.99595,0.9963,1.00,6.50
2010.10.11 12:08:31.850,0.99595,0.9963,1.00,6.40
2010.10.11 12:08:31.927,0.99595,0.9963,1.00,6.60
2010.10.11 12:08:32.006,0.99595,0.9962,1.00,1.60
2010.10.11 12:08:32.789,0.9959,0.9962,1.00,1.60
2010.10.11 12:08:34.357,0.9959,0.9962,1.00,4.00
2010.10.11 12:08:34.851,0.9959,0.9962,1.00,1.60
2010.10.11 12:08:35.201,0.9959,0.9962,1.00,1.60
2010.10.11 12:08:35.587,0.9959,0.9962,1.00,4.00
2010.10.11 12:08:37.377,0.9959,0.9962,1.00,4.00
2010.10.11 12:08:38.476,0.9959,0.9962,1.00,1.60
2010.10.11 12:08:40.106,0.9959,0.9962,1.00,4.00
2010.10.11 12:08:40.227,0.99595,0.9962,1.00,6.40
2010.10.11 12:08:40.466,0.99595,0.9962,1.00,4.00
2010.10.11 12:08:41.762,0.9959,0.9962,1.00,2.40
2010.10.11 12:08:41.951,0.9959,0.99625,1.00,4.80
2010.10.11 12:08:42.428,0.9959,0.9963,2.80,6.40
2010.10.11 12:08:42.690,0.9959,0.9963,5.20,1.60
2010.10.11 12:08:43.513,0.9959,0.9963,5.20,1.60
2010.10.11 12:08:43.857,0.9959,0.9963,7.60,1.60
2010.10.11 12:08:46.086,0.9959,0.9963,5.20,4.00
2010.10.11 12:08:46.266,0.9959,0.9963,7.60,1.60
2010.10.11 12:08:46.327,0.9959,0.9963,5.20,4.00
2010.10.11 12:08:46.386,0.9959,0.9963,2.90,6.50
2010.10.11 12:09:02.225,0.9959,0.9963,2.90,6.70
2010.10.11 12:09:02.335,0.99595,0.9963,1.00,6.60
2010.10.11 12:09:02.594,0.99595,0.99625,1.00,1.00
2010.10.11 12:09:02.703,0.9959,0.99625,1.00,1.00
2010.10.11 12:09:03.048,0.9959,0.9963,5.20,4.20
2010.10.11 12:09:03.389,0.9959,0.99625,2.80,1.00
2010.10.11 12:09:03.726,0.99595,0.99625,1.00,1.00
2010.10.11 12:09:04.407,0.9959,0.99625,7.70,1.00
2010.10.11 12:09:04.745,0.9959,0.9963,7.70,1.70
2010.10.11 12:09:05.419,0.99595,0.9963,1.00,1.60
2010.10.11 12:09:06.806,0.99595,0.9963,1.00,1.60
2010.10.11 12:09:10.827,0.99595,0.9963,1.00,1.80
2010.10.11 12:09:10.955,0.99595,0.9963,1.00,4.20
2010.10.11 12:09:11.389,0.99595,0.99625,1.00,1.00
2010.10.11 12:09:11.875,0.9959,0.99625,2.90,1.00
2010.10.11 12:09:12.195,0.99595,0.9962,1.00,1.00
2010.10.11 12:09:12.503,0.99595,0.9962,1.00,4.40
2010.10.11 12:09:12.858,0.9959,0.9962,1.00,4.40
2010.10.11 12:09:13.200,0.99585,0.9962,5.30,4.40
2010.10.11 12:09:14.547,0.9959,0.9962,1.00,4.40
2010.10.11 12:09:19.535,0.9959,0.9962,1.00,4.40
2010.10.11 12:09:19.947,0.9959,0.9962,1.00,4.60
2010.10.11 12:09:20.185,0.9959,0.9962,1.00,4.40
2010.10.11 12:09:20.416,0.9959,0.9962,1.00,4.60
2010.10.11 12:09:20.656,0.9959,0.99615,1.00,1.00
2010.10.11 12:09:22.736,0.9959,0.99615,1.00,1.00
2010.10.11 12:09:25.187,0.9959,0.9962,1.00,4.40
2010.10.11 12:09:25.668,0.9959,0.9962,1.00,6.80
2010.10.11 12:09:25.966,0.9959,0.9962,1.00,7.00
2010.10.11 12:09:26.075,0.9959,0.99615,1.00,1.00
2010.10.11 12:09:44.509,0.99585,0.99615,1.00,1.00
2010.10.11 12:09:45.416,0.9958,0.99615,6.90,1.00
2010.10.11 12:09:45.757,0.99585,0.99615,1.00,1.00
2010.10.11 12:09:56.716,0.9959,0.99615,1.00,1.00
2010.10.11 12:09:57.545,0.99585,0.99615,1.00,1.00
2010.10.11 12:10:01.151,0.99585,0.99615,1.00,1.00
2010.10.11 12:10:01.468,0.9959,0.9962,2.40,2.40
2010.10.11 12:10:01.916,0.9959,0.99625,2.40,1.00
2010.10.11 12:10:02.370,0.9959,0.9963,2.50,3.10
2010.10.11 12:10:07.557,0.99595,0.9963,1.00,3.10
2010.10.11 12:10:14.656,0.99595,0.99615,1.00,4.80
2010.10.11 12:10:17.695,0.99595,0.9962,1.00,4.80
2010.10.11 12:10:23.665,0.99595,0.9962,1.00,2.40
2010.10.11 12:10:23.865,0.99595,0.9963,1.00,3.10
2010.10.11 12:10:31.417,0.99595,0.9963,1.00,2.80
2010.10.11 12:10:31.671,0.99605,0.99635,2.00,1.00
2010.10.11 12:10:31.928,0.99605,0.99635,1.60,1.00
2010.10.11 12:10:32.177,0.996,0.99635,1.00,1.00
2010.10.11 12:10:32.676,0.99595,0.9963,4.80,1.00
2010.10.11 12:10:32.977,0.99595,0.99625,1.00,1.00
2010.10.11 12:10:37.377,0.99595,0.99625,1.00,1.00
2010.10.11 12:10:43.256,0.99595,0.99625,1.00,1.00
2010.10.11 12:10:43.527,0.99595,0.9963,4.80,1.00
2010.10.11 12:10:44.169,0.99595,0.9963,2.40,7.40
2010.10.11 12:10:44.357,0.99595,0.9963,2.40,5.10
2010.10.11 12:10:44.545,0.9959,0.9963,2.40,5.10
2010.10.11 12:10:44.906,0.99595,0.9963,1.00,4.50
2010.10.11 12:10:45.300,0.99595,0.9963,2.00,4.50
2010.10.11 12:10:45.437,0.996,0.99625,2.00,1.00
2010.10.11 12:10:45.776,0.996,0.99625,1.00,1.00
2010.10.11 12:10:46.556,0.996,0.9963,1.00,1.00
2010.10.11 12:10:47.937,0.996,0.9963,1.00,1.00
2010.10.11 12:10:48.426,0.996,0.99635,1.00,2.00
2010.10.11 12:10:48.587,0.99605,0.99635,2.00,1.00
2010.10.11 12:10:51.609,0.99605,0.99635,2.00,1.00
2010.10.11 12:10:51.929,0.99605,0.9964,2.00,9.50
2010.10.11 12:10:52.057,0.99605,0.9964,1.00,9.50
2010.10.11 12:10:52.189,0.996,0.99635,1.00,2.00
2010.10.11 12:10:52.677,0.996,0.99635,2.00,2.00
2010.10.11 12:10:54.378,0.996,0.9963,2.00,1.00
2010.10.11 12:11:07.770,0.996,0.9963,1.00,1.00
2010.10.11 12:11:07.907,0.996,0.9963,1.00,1.00
2010.10.11 12:11:08.156,0.996,0.99635,1.00,6.90
2010.10.11 12:11:08.232,0.996,0.9963,1.00,1.00
2010.10.11 12:11:08.829,0.99595,0.9963,1.60,1.00
2010.10.11 12:11:09.506,0.99595,0.99625,1.60,1.00
2010.10.11 12:11:11.525,0.996,0.9963,1.00,1.00
2010.10.11 12:11:21.667,0.996,0.99635,1.00,6.80
2010.10.11 12:11:21.830,0.996,0.99635,1.00,6.40
2010.10.11 12:11:21.988,0.99605,0.9964,4.80,1.00
2010.10.11 12:11:22.149,0.996,0.9964,4.90,3.10
2010.10.11 12:11:22.309,0.996,0.99635,6.40,1.60
2010.10.11 12:11:22.468,0.99605,0.99635,6.40,1.00
2010.10.11 12:11:23.485,0.99605,0.9964,6.40,1.00
2010.10.11 12:11:24.329,0.99605,0.99635,6.40,1.00
2010.10.11 12:11:27.337,0.99605,0.99635,6.50,1.00
2010.10.11 12:11:27.596,0.9961,0.9964,1.00,1.00
2010.10.11 12:11:28.957,0.99605,0.9964,6.50,1.00
2010.10.11 12:11:29.300,0.99605,0.99635,1.00,1.60
2010.10.11 12:11:30.495,0.99605,0.99635,1.00,1.60
2010.10.11 12:11:32.581,0.99605,0.99635,1.00,1.60
2010.10.11 12:11:32.812,0.9961,0.9964,4.00,1.00
2010.10.11 12:11:35.278,0.9961,0.99635,4.00,1.00
2010.10.11 12:11:35.321,0.99615,0.99635,1.60,1.00
2010.10.11 12:11:35.492,0.9961,0.99635,4.00,1.00
2010.10.11 12:11:35.707,0.9961,0.9964,4.00,1.00
2010.10.11 12:11:42.067,0.9961,0.99635,4.00,1.00
2010.10.11 12:11:42.929,0.9961,0.9964,4.00,1.00
2010.10.11 12:11:44.396,0.9961,0.9964,2.40,1.00
2010.10.11 12:11:44.739,0.9961,0.9964,1.00,1.00
2010.10.11 12:11:45.009,0.9961,0.9964,1.60,1.00
2010.10.11 12:11:50.170,0.9961,0.99635,1.60,1.00
2010.10.11 12:11:55.891,0.9961,0.9964,1.60,1.00
2010.10.11 12:11:57.027,0.9961,0.9964,4.00,1.00
2010.10.11 12:11:57.347,0.9961,0.9964,1.60,1.00
2010.10.11 12:11:57.666,0.9961,0.9964,4.00,1.00
2010.10.11 12:12:00.596,0.9961,0.9964,4.00,1.00
2010.10.11 12:12:00.677,0.99605,0.9964,4.80,1.00
2010.10.11 12:12:02.466,0.99605,0.9964,2.40,1.00
2010.10.11 12:12:03.106,0.99605,0.9963,2.40,1.00
2010.10.11 12:12:13.466,0.99605,0.99635,2.40,1.00
2010.10.11 12:12:13.792,0.9961,0.99635,1.60,1.00
2010.10.11 12:12:14.556,0.99605,0.99635,4.80,1.00
2010.10.11 12:12:14.916,0.99605,0.99635,2.40,1.00
2010.10.11 12:12:15.425,0.99605,0.99635,2.40,1.00
2010.10.11 12:12:15.868,0.996,0.99635,4.10,1.00
2010.10.11 12:12:16.087,0.996,0.99635,4.10,1.70
2010.10.11 12:12:16.530,0.99605,0.99635,2.40,1.00
2010.10.11 12:12:17.527,0.99605,0.9963,2.40,1.00
2010.10.11 12:12:18.065,0.99605,0.99635,2.40,1.00
2010.10.11 12:12:18.528,0.996,0.99635,4.00,1.60
2010.10.11 12:12:19.448,0.99605,0.99635,2.40,1.00
2010.10.11 12:12:20.316,0.99605,0.9963,2.40,1.00
2010.10.11 12:12:22.930,0.99605,0.99635,2.40,1.00
2010.10.11 12:12:23.112,0.996,0.99635,4.10,1.70
2010.10.11 12:12:23.288,0.99605,0.99635,1.00,1.60
2010.10.11 12:12:23.469,0.99605,0.99635,4.80,1.00
2010.10.11 12:12:25.016,0.99605,0.99635,4.80,1.00
2010.10.11 12:12:26.179,0.99605,0.9964,4.80,1.00
2010.10.11 12:12:27.367,0.99605,0.99635,4.90,1.00
2010.10.11 12:12:33.247,0.99605,0.99635,2.50,1.00
2010.10.11 12:12:33.679,0.99605,0.9963,2.40,1.00
2010.10.11 12:12:35.137,0.99605,0.9963,4.80,1.00
2010.10.11 12:12:35.426,0.99605,0.99635,4.80,1.00
2010.10.11 12:12:42.707,0.99605,0.9963,4.80,1.00
2010.10.11 12:12:44.470,0.99605,0.9963,2.40,1.00
2010.10.11 12:12:47.566,0.996,0.9963,6.80,1.00
2010.10.11 12:12:50.256,0.996,0.99635,2.00,2.00
2010.10.11 12:12:50.601,0.99605,0.99635,1.00,2.00
2010.10.11 12:12:50.941,0.996,0.99635,2.00,2.00
2010.10.11 12:12:51.271,0.99605,0.9964,1.00,5.40
2010.10.11 12:12:51.611,0.996,0.99635,6.90,1.00
2010.10.11 12:12:52.187,0.99605,0.9964,1.00,1.00
2010.10.11 12:12:53.416,0.9961,0.9964,1.00,1.00
2010.10.11 12:12:53.707,0.9961,0.9964,1.60,1.00
2010.10.11 12:12:53.999,0.99615,0.9964,1.00,2.40
2010.10.11 12:12:54.243,0.9961,0.9964,4.00,2.80
2010.10.11 12:12:54.460,0.9961,0.99645,1.00,6.80
2010.10.11 12:12:55.356,0.9961,0.9964,1.00,1.00
2010.10.11 12:12:57.048,0.99615,0.9964,1.00,1.00
2010.10.11 12:12:57.208,0.99615,0.99645,1.00,1.90
2010.10.11 12:12:57.463,0.9961,0.9964,6.40,1.00
2010.10.11 12:12:57.746,0.9961,0.99645,1.00,6.80
2010.10.11 12:12:58.290,0.9961,0.9964,1.00,1.00
2010.10.11 12:13:00.846,0.9961,0.9964,1.00,1.00
2010.10.11 12:13:01.250,0.99615,0.99645,1.00,1.60
2010.10.11 12:13:01.408,0.9961,0.99645,1.00,6.80
2010.10.11 12:13:03.408,0.9961,0.9964,1.00,1.00
2010.10.11 12:13:06.728,0.9961,0.99635,1.00,1.00
2010.10.11 12:13:07.168,0.9961,0.9964,1.00,1.00
2010.10.11 12:13:10.466,0.9961,0.99635,1.00,1.00
2010.10.11 12:13:16.705,0.9961,0.9964,1.00,1.00
2010.10.11 12:13:16.787,0.9961,0.9964,1.00,1.60
2010.10.11 12:13:18.226,0.9961,0.9964,1.00,1.00
2010.10.11 12:13:19.886,0.9961,0.99635,1.00,1.00
2010.10.11 12:13:22.678,0.9961,0.9964,1.00,1.00
2010.10.11 12:13:23.072,0.9961,0.99635,1.00,1.00
2010.10.11 12:13:23.546,0.9961,0.9964,1.00,1.00
2010.10.11 12:13:24.094,0.9961,0.99635,1.00,1.00
2010.10.11 12:13:29.262,0.9961,0.9963,1.00,1.00
2010.10.11 12:13:29.416,0.9961,0.99635,1.00,1.00
2010.10.11 12:13:29.496,0.9961,0.9964,1.00,1.00
2010.10.11 12:13:30.603,0.9961,0.99635,1.00,1.00
2010.10.11 12:13:32.113,0.9961,0.99635,1.00,1.00
2010.10.11 12:13:36.136,0.9961,0.99635,1.00,1.00
2010.10.11 12:13:40.708,0.9961,0.99635,1.00,1.00
2010.10.11 12:13:45.647,0.9961,0.99645,1.00,6.80
2010.10.11 12:13:45.906,0.9961,0.9964,1.00,1.00
2010.10.11 12:13:47.196,0.9961,0.99635,1.00,1.00
2010.10.11 12:13:48.851,0.9961,0.99635,1.00,1.00
2010.10.11 12:13:49.059,0.99605,0.99635,1.00,1.70
2010.10.11 12:13:50.456,0.99605,0.99635,1.00,1.70
2010.10.11 12:13:51.738,0.99605,0.99635,1.00,1.60
2010.10.11 12:13:52.198,0.99605,0.9963,1.00,1.00
2010.10.11 12:13:53.856,0.99605,0.99635,1.00,1.60
2010.10.11 12:13:54.438,0.99605,0.9963,1.00,1.00
2010.10.11 12:13:59.986,0.99605,0.99635,1.00,1.60
2010.10.11 12:14:00.446,0.99605,0.9963,1.00,1.00
2010.10.11 12:14:01.016,0.99605,0.99635,1.00,1.60
2010.10.11 12:14:02.526,0.99605,0.99635,1.00,1.70
2010.10.11 12:14:06.206,0.99605,0.9963,1.00,1.00
2010.10.11 12:14:06.673,0.99605,0.99635,1.00,1.60
2010.10.11 12:14:08.265,0.99605,0.9963,1.00,1.00
2010.10.11 12:14:08.527,0.99605,0.99635,1.00,1.60
2010.10.11 12:14:09.907,0.99605,0.99635,1.00,1.60
2010.10.11 12:14:10.555,0.99605,0.99635,1.00,1.70
2010.10.11 12:14:11.827,0.99605,0.99635,1.00,1.70
2010.10.11 12:14:17.443,0.99605,0.9963,1.00,1.00
2010.10.11 12:14:17.739,0.99605,0.99635,1.00,1.70
2010.10.11 12:14:19.106,0.99605,0.99635,1.00,1.60
2010.10.11 12:14:24.883,0.99605,0.9963,1.00,4.00
2010.10.11 12:14:25.152,0.996,0.9963,1.00,1.60
2010.10.11 12:14:25.418,0.996,0.99635,1.00,2.10
2010.10.11 12:14:27.254,0.99605,0.99635,1.00,2.00
2010.10.11 12:14:27.457,0.99605,0.99635,1.00,2.10
2010.10.11 12:14:27.767,0.996,0.9963,1.00,1.00
2010.10.11 12:14:27.980,0.99605,0.99635,1.00,1.70
2010.10.11 12:14:28.283,0.99605,0.99635,2.00,1.00
2010.10.11 12:14:29.058,0.99605,0.9963,2.00,1.00
2010.10.11 12:14:37.317,0.99605,0.99635,2.10,1.00
2010.10.11 12:14:38.248,0.99605,0.99635,1.00,1.60
2010.10.11 12:14:38.595,0.996,0.99635,4.40,2.00
2010.10.11 12:14:38.876,0.99595,0.99625,1.00,6.80
2010.10.11 12:14:39.405,0.99595,0.9963,1.00,9.40
2010.10.11 12:14:39.748,0.9959,0.99625,1.60,1.60
2010.10.11 12:14:40.088,0.9959,0.9962,1.00,2.80
2010.10.11 12:14:40.427,0.9959,0.9962,1.00,2.80
2010.10.11 12:14:41.106,0.9959,0.9962,1.00,4.40
2010.10.11 12:14:41.419,0.9959,0.99625,2.00,6.80
2010.10.11 12:14:41.730,0.9959,0.99625,2.00,2.00
2010.10.11 12:14:42.038,0.9959,0.99625,2.10,2.00
2010.10.11 12:14:42.349,0.9959,0.99625,2.10,2.10
2010.10.11 12:14:42.968,0.99595,0.99625,1.00,2.00
2010.10.11 12:14:43.231,0.99595,0.99625,1.00,1.60
2010.10.11 12:14:44.548,0.996,0.9963,1.60,2.80
2010.10.11 12:14:44.893,0.996,0.99635,1.00,6.80
2010.10.11 12:14:45.242,0.99595,0.99635,2.40,4.60
2010.10.11 12:14:45.477,0.99595,0.99635,1.00,7.00
2010.10.11 12:14:46.289,0.9959,0.99635,6.90,7.10
2010.10.11 12:14:47.307,0.99595,0.99635,1.00,7.00
2010.10.11 12:14:47.809,0.9959,0.99625,6.80,1.60
2010.10.11 12:14:48.149,0.9959,0.99635,6.80,7.00
2010.10.11 12:14:48.487,0.9959,0.9963,6.80,1.00
2010.10.11 12:14:49.171,0.996,0.99635,1.00,6.90
2010.10.11 12:14:49.420,0.996,0.99635,1.00,1.00
2010.10.11 12:14:49.670,0.996,0.99635,1.00,1.00
2010.10.11 12:14:52.872,0.996,0.99635,1.00,1.00
2010.10.11 12:14:53.211,0.9961,0.99635,1.00,1.00
2010.10.11 12:14:53.539,0.99605,0.9964,1.00,9.30
2010.10.11 12:14:53.879,0.99605,0.99635,1.00,1.60
2010.10.11 12:14:54.218,0.99605,0.99635,1.00,1.60
2010.10.11 12:14:55.608,0.9961,0.99635,1.00,1.00
2010.10.11 12:14:56.047,0.9961,0.9964,1.00,2.40
2010.10.11 12:14:56.872,0.9961,0.99645,2.80,2.00
2010.10.11 12:14:57.219,0.99615,0.99645,1.00,1.60
2010.10.11 12:14:58.238,0.9962,0.99645,1.00,1.00
2010.10.11 12:14:59.293,0.99615,0.99645,1.00,1.00
2010.10.11 12:14:59.647,0.99615,0.99645,1.00,1.00
2010.10.11 12:15:00.238,0.9962,0.99655,1.00,4.80
2010.10.11 12:15:00.578,0.9962,0.9965,1.00,2.40
2010.10.11 12:15:00.916,0.9962,0.99655,1.00,2.40
2010.10.11 12:15:01.258,0.99625,0.99655,1.00,4.40
2010.10.11 12:15:01.603,0.99615,0.99655,5.20,1.00
2010.10.11 12:15:01.954,0.99615,0.99655,2.80,4.60
2010.10.11 12:15:02.303,0.99615,0.9965,1.00,1.00
2010.10.11 12:15:02.853,0.99615,0.9965,2.80,1.00
2010.10.11 12:15:03.520,0.9962,0.99655,1.00,4.10
2010.10.11 12:15:03.858,0.99615,0.99655,6.80,2.90
2010.10.11 12:15:04.200,0.99625,0.99655,1.00,1.60
2010.10.11 12:15:04.899,0.99615,0.99655,3.00,2.80
2010.10.11 12:15:05.238,0.99615,0.99655,6.80,1.00
2010.10.11 12:15:05.577,0.9962,0.99655,1.00,1.00
2010.10.11 12:15:05.917,0.99615,0.99655,6.80,2.00
2010.10.11 12:15:06.256,0.9962,0.99655,1.00,1.60
2010.10.11 12:15:06.937,0.99615,0.99655,7.00,2.00
2010.10.11 12:15:07.259,0.9962,0.99655,1.00,4.00
2010.10.11 12:15:07.798,0.99615,0.99655,5.20,2.00
2010.10.11 12:15:08.120,0.99615,0.9965,5.20,1.00
2010.10.11 12:15:08.458,0.99615,0.99655,5.50,2.10
2010.10.11 12:15:08.799,0.99615,0.99655,5.30,1.00
2010.10.11 12:15:09.137,0.99615,0.9965,6.80,1.00
2010.10.11 12:15:09.652,0.99615,0.99655,5.30,2.10
2010.10.11 12:15:09.986,0.99615,0.99655,2.90,4.50
2010.10.11 12:15:10.326,0.99615,0.9965,2.80,1.00
2010.10.11 12:15:11.127,0.99615,0.99645,2.80,1.00
2010.10.11 12:15:11.277,0.9961,0.99645,5.20,1.00
2010.10.11 12:15:11.736,0.9961,0.9965,5.20,1.00
2010.10.11 12:15:12.798,0.9961,0.99645,2.40,1.00
2010.10.11 12:15:13.138,0.9961,0.99645,1.00,2.00
2010.10.11 12:15:13.480,0.9961,0.99645,1.00,2.00
2010.10.11 12:15:14.997,0.99605,0.9964,6.90,1.00
2010.10.11 12:15:15.160,0.9961,0.9964,2.40,1.00
2010.10.11 12:15:15.321,0.99615,0.99645,1.00,2.10
2010.10.11 12:15:15.731,0.99615,0.99645,1.00,1.00
2010.10.11 12:15:16.067,0.9961,0.99645,1.00,2.00
2010.10.11 12:15:17.334,0.9961,0.9964,1.00,1.00
2010.10.11 12:15:17.681,0.99605,0.9964,6.90,1.00
2010.10.11 12:15:18.289,0.99615,0.9964,1.00,1.60
2010.10.11 12:15:18.477,0.99615,0.99645,1.00,1.00
2010.10.11 12:15:18.817,0.99605,0.99645,6.80,2.00
2010.10.11 12:15:19.156,0.9961,0.9964,1.00,1.00
2010.10.11 12:15:19.976,0.99605,0.9964,6.80,1.00
2010.10.11 12:15:20.138,0.99605,0.99635,2.20,1.00
2010.10.11 12:15:20.457,0.99615,0.9964,1.00,1.00
2010.10.11 12:15:20.789,0.99605,0.99645,6.90,2.10
2010.10.11 12:15:21.118,0.99625,0.99645,1.00,1.60
2010.10.11 12:15:21.450,0.99625,0.9965,1.00,1.00
2010.10.11 12:15:23.327,0.99625,0.9965,1.00,1.00
2010.10.11 12:15:26.858,0.99625,0.99645,1.00,1.00
2010.10.11 12:15:27.267,0.99625,0.99655,1.00,1.00
2010.10.11 12:15:27.549,0.99625,0.9966,2.40,1.00
2010.10.11 12:15:28.284,0.9963,0.9966,1.00,2.50
2010.10.11 12:15:28.632,0.9963,0.9966,1.00,1.00
2010.10.11 12:15:29.658,0.9963,0.9965,1.00,1.00
2010.10.11 12:15:29.999,0.9963,0.9966,1.00,1.00
2010.10.11 12:15:30.339,0.9962,0.9966,2.90,1.00
2010.10.11 12:15:31.357,0.9962,0.9965,2.80,1.00
2010.10.11 12:15:31.697,0.9962,0.9965,3.00,1.00
2010.10.11 12:15:42.588,0.99625,0.9965,1.00,1.00
2010.10.11 12:15:42.930,0.9963,0.99655,1.00,1.00
2010.10.11 12:15:44.496,0.9963,0.99655,1.00,1.00
2010.10.11 12:15:44.952,0.9963,0.99655,1.00,1.00
2010.10.11 12:15:45.068,0.99635,0.99655,1.00,1.00
2010.10.11 12:15:45.397,0.99635,0.9966,1.00,1.00
2010.10.11 12:15:46.416,0.99635,0.99655,1.00,1.00
2010.10.11 12:15:51.680,0.9964,0.99655,2.40,1.00
2010.10.11 12:15:51.904,0.9964,0.9966,2.80,1.00
2010.10.11 12:15:52.128,0.99635,0.9966,1.00,1.00
2010.10.11 12:15:54.084,0.99635,0.99665,1.00,1.00
2010.10.11 12:15:54.417,0.9963,0.99665,1.00,2.40
2010.10.11 12:15:54.923,0.9963,0.9966,1.00,1.00
2010.10.11 12:15:56.189,0.9963,0.9966,1.00,1.00
2010.10.11 12:15:56.756,0.9963,0.99665,1.00,2.50
2010.10.11 12:15:57.358,0.9963,0.99655,1.00,1.00
2010.10.11 12:16:00.738,0.9962,0.9966,1.00,7.10
2010.10.11 12:16:00.879,0.9962,0.9965,2.50,1.60
2010.10.11 12:16:01.226,0.9962,0.9965,2.40,1.60
2010.10.11 12:16:01.377,0.9961,0.9965,3.40,2.40
2010.10.11 12:16:01.522,0.9961,0.9965,1.00,4.80
2010.10.11 12:16:01.669,0.9961,0.9965,1.00,4.80
2010.10.11 12:16:02.049,0.9961,0.9965,1.00,5.60
2010.10.11 12:16:02.392,0.99605,0.99645,1.00,4.80
2010.10.11 12:16:02.740,0.99605,0.99645,1.00,4.80
2010.10.11 12:16:03.278,0.9961,0.9965,3.20,5.20
2010.10.11 12:16:03.618,0.9961,0.99645,1.00,2.40
2010.10.11 12:16:03.960,0.9961,0.99645,1.00,2.60
2010.10.11 12:16:04.268,0.99615,0.99645,1.00,2.40
2010.10.11 12:16:04.579,0.99615,0.99655,1.00,5.70
2010.10.11 12:16:04.906,0.9961,0.9965,3.00,2.40
2010.10.11 12:16:05.108,0.9961,0.9965,2.80,4.80
2010.10.11 12:16:05.512,0.99615,0.9965,1.00,4.80
2010.10.11 12:16:05.719,0.9962,0.9965,1.00,1.00
2010.10.11 12:16:07.408,0.9962,0.9965,1.00,1.00
2010.10.11 12:16:08.033,0.9962,0.99655,1.00,4.90
2010.10.11 12:16:08.227,0.9962,0.9965,1.00,1.00
2010.10.11 12:16:08.416,0.9962,0.9965,1.00,1.00
2010.10.11 12:16:08.606,0.99615,0.9965,1.00,1.00
2010.10.11 12:16:08.797,0.99615,0.9965,1.00,1.60
2010.10.11 12:16:09.224,0.9962,0.99655,1.00,4.90
2010.10.11 12:16:09.911,0.99625,0.99655,1.00,1.00
2010.10.11 12:16:10.462,0.9962,0.9965,2.40,1.60
2010.10.11 12:16:10.811,0.9962,0.99655,1.00,4.80
2010.10.11 12:16:11.147,0.9962,0.9965,1.00,1.70
2010.10.11 12:16:13.287,0.99615,0.99645,1.00,1.00
2010.10.11 12:16:14.227,0.99615,0.9965,1.00,1.70
2010.10.11 12:16:14.821,0.99615,0.99645,1.00,1.00
2010.10.11 12:16:16.077,0.99615,0.9965,1.00,1.70
2010.10.11 12:16:16.447,0.99615,0.99645,1.00,1.00
2010.10.11 12:16:24.138,0.99615,0.9964,1.00,1.00
2010.10.11 12:16:24.497,0.99615,0.99645,1.00,1.00
2010.10.11 12:16:26.448,0.99615,0.9964,1.00,1.00
2010.10.11 12:16:26.937,0.99615,0.99645,1.00,1.00
2010.10.11 12:16:28.229,0.99615,0.9965,1.00,4.10
2010.10.11 12:16:30.387,0.99615,0.9965,1.00,1.70
2010.10.11 12:16:31.587,0.99615,0.99645,1.00,1.00
2010.10.11 12:16:32.887,0.9961,0.99645,7.60,1.00
2010.10.11 12:16:32.967,0.9961,0.99645,1.00,1.00
2010.10.11 12:16:34.516,0.9961,0.9965,1.00,6.90
2010.10.11 12:16:34.657,0.9961,0.9964,1.00,1.00
2010.10.11 12:16:36.487,0.9961,0.99645,1.00,2.00
2010.10.11 12:16:36.827,0.9961,0.99645,1.00,4.40
2010.10.11 12:16:38.116,0.9961,0.99645,1.00,4.50
2010.10.11 12:16:40.097,0.99605,0.9964,2.90,1.00
2010.10.11 12:16:41.759,0.9961,0.99645,1.00,1.00
2010.10.11 12:16:43.272,0.9961,0.99645,1.00,1.00
2010.10.11 12:16:43.546,0.99615,0.99645,1.00,1.00
2010.10.11 12:16:44.427,0.9961,0.9964,1.00,1.00
2010.10.11 12:16:50.584,0.99615,0.99645,1.00,2.40
2010.10.11 12:16:50.967,0.99615,0.99645,1.00,1.00
2010.10.11 12:16:51.287,0.99615,0.99645,1.00,2.40
2010.10.11 12:16:52.835,0.99615,0.99645,1.00,2.40
2010.10.11 12:17:01.818,0.9962,0.99645,1.00,2.40
2010.10.11 12:17:02.030,0.9962,0.9965,4.00,1.00
2010.10.11 12:17:02.238,0.99615,0.9965,1.00,4.00
2010.10.11 12:17:03.169,0.9962,0.9965,1.00,4.00
2010.10.11 12:17:03.439,0.99615,0.9965,1.00,4.10
2010.10.11 12:17:08.848,0.99615,0.9965,1.00,1.70
2010.10.11 12:17:09.057,0.99615,0.9965,1.00,4.10
2010.10.11 12:17:09.268,0.99615,0.9965,1.00,6.40
2010.10.11 12:17:09.477,0.99615,0.9965,1.00,6.80
2010.10.11 12:17:11.250,0.99615,0.99645,1.00,1.00
2010.10.11 12:17:20.847,0.99615,0.9965,1.00,6.90
2010.10.11 12:17:21.820,0.9961,0.99645,1.00,1.00
2010.10.11 12:17:22.806,0.99615,0.9965,1.00,6.90
2010.10.11 12:17:26.836,0.99615,0.99645,1.00,2.40
2010.10.11 12:17:27.817,0.99615,0.9965,1.00,6.90
2010.10.11 12:17:29.257,0.9962,0.9965,1.00,6.80
2010.10.11 12:17:33.057,0.99615,0.99645,1.00,4.80
2010.10.11 12:17:33.328,0.99615,0.9964,1.00,1.60
2010.10.11 12:17:33.467,0.9961,0.9964,1.00,1.60
2010.10.11 12:17:33.608,0.99615,0.9964,1.00,1.60
2010.10.11 12:17:33.933,0.99615,0.9965,1.00,7.00
2010.10.11 12:17:34.070,0.9961,0.99645,1.00,2.80
2010.10.11 12:17:34.207,0.9961,0.99645,1.00,1.00
2010.10.11 12:17:34.670,0.99615,0.99645,1.00,1.00
2010.10.11 12:17:36.496,0.9961,0.99645,1.00,1.00
2010.10.11 12:17:36.926,0.9961,0.9964,1.00,1.60
2010.10.11 12:17:37.030,0.9961,0.9964,1.00,1.60
2010.10.11 12:17:38.197,0.9961,0.9964,1.00,1.60
2010.10.11 12:17:38.427,0.9961,0.99645,1.00,4.50
2010.10.11 12:17:38.657,0.9961,0.9964,1.00,1.60
2010.10.11 12:17:38.877,0.9961,0.99645,1.00,6.90
2010.10.11 12:17:39.098,0.99615,0.99645,1.00,4.40
2010.10.11 12:17:39.317,0.9961,0.99645,1.00,2.80
2010.10.11 12:17:39.539,0.9961,0.9964,1.00,1.60
2010.10.11 12:17:39.764,0.9961,0.9964,1.00,1.60
2010.10.11 12:17:39.939,0.99615,0.99645,1.00,2.00
2010.10.11 12:17:40.117,0.99615,0.99645,1.00,2.10
2010.10.11 12:17:40.298,0.9961,0.99645,4.00,6.90
2010.10.11 12:17:40.478,0.996,0.9964,6.80,2.00
2010.10.11 12:17:40.658,0.996,0.9964,1.00,6.80
2010.10.11 12:17:41.121,0.996,0.99635,1.00,4.40
2010.10.11 12:17:41.369,0.99595,0.99635,1.00,6.80
2010.10.11 12:17:41.618,0.996,0.9963,1.00,6.40
2010.10.11 12:17:41.871,0.9959,0.9963,1.00,6.80
2010.10.11 12:17:42.534,0.9959,0.99625,1.00,4.80
2010.10.11 12:17:42.829,0.9959,0.9963,1.00,6.80
2010.10.11 12:17:43.418,0.99595,0.9963,1.00,6.80
2010.10.11 12:17:44.406,0.99595,0.9963,1.00,6.80
2010.10.11 12:17:44.537,0.9959,0.9963,1.00,6.80
2010.10.11 12:17:44.797,0.9959,0.99625,1.00,2.40
2010.10.11 12:17:45.058,0.99595,0.9963,1.00,6.80
2010.10.11 12:17:46.447,0.99595,0.9963,1.00,6.80
2010.10.11 12:17:47.305,0.996,0.9963,1.00,6.80
2010.10.11 12:17:48.010,0.996,0.9963,1.00,2.00
2010.10.11 12:17:48.607,0.996,0.9963,1.00,6.80
2010.10.11 12:17:49.517,0.996,0.9963,1.00,2.00
2010.10.11 12:17:51.353,0.996,0.9963,1.00,2.00
2010.10.11 12:18:00.307,0.99595,0.9963,1.00,2.10
2010.10.11 12:18:02.997,0.99595,0.9963,1.00,2.00
2010.10.11 12:18:03.178,0.99595,0.9963,1.00,6.80
2010.10.11 12:18:05.619,0.9959,0.9963,1.00,6.80
2010.10.11 12:18:05.740,0.9959,0.9963,3.20,4.40
2010.10.11 12:18:06.117,0.99605,0.9964,1.60,4.00
2010.10.11 12:18:06.286,0.996,0.99635,2.00,4.40
2010.10.11 12:18:06.441,0.996,0.99635,1.60,4.80
2010.10.11 12:18:06.590,0.99595,0.9963,1.60,1.60
2010.10.11 12:18:07.149,0.9959,0.9963,1.00,6.80
2010.10.11 12:18:07.487,0.9959,0.9963,1.00,6.80
2010.10.11 12:18:08.859,0.99595,0.9963,1.00,6.80
2010.10.11 12:18:09.091,0.99605,0.9963,1.00,6.90
2010.10.11 12:18:09.319,0.99605,0.9963,1.00,1.60
2010.10.11 12:18:09.552,0.99595,0.9963,1.00,4.50
2010.10.11 12:18:09.788,0.99585,0.9963,7.10,6.90
2010.10.11 12:18:10.277,0.9959,0.9963,1.00,6.80
2010.10.11 12:18:11.796,0.9959,0.99625,1.00,1.00
2010.10.11 12:18:11.956,0.9959,0.9963,1.00,6.80
2010.10.11 12:18:12.960,0.9959,0.99625,1.00,2.40
2010.10.11 12:18:14.167,0.99585,0.99625,4.70,2.40
2010.10.11 12:18:16.616,0.99585,0.99625,4.70,2.50
2010.10.11 12:18:17.239,0.9959,0.99625,1.00,2.40
2010.10.11 12:18:17.358,0.9959,0.99625,1.00,2.50
2010.10.11 12:18:18.366,0.9959,0.99625,1.00,2.40
2010.10.11 12:18:18.903,0.9959,0.9962,1.00,2.00
2010.10.11 12:18:18.975,0.99585,0.9962,1.00,6.80
2010.10.11 12:18:19.040,0.99585,0.9962,1.00,6.80
2010.10.11 12:18:19.101,0.99585,0.9962,2.40,1.00
2010.10.11 12:18:19.393,0.99585,0.9962,2.40,2.00
2010.10.11 12:18:19.745,0.99585,0.9962,1.00,4.40
2010.10.11 12:18:20.654,0.99585,0.9962,1.00,6.80
2010.10.11 12:18:21.338,0.99585,0.9962,1.00,6.80
2010.10.11 12:18:21.850,0.99585,0.99615,1.00,1.00
2010.10.11 12:18:22.169,0.99585,0.9962,1.00,2.00
2010.10.11 12:18:23.257,0.99585,0.99615,1.00,1.00
2010.10.11 12:18:23.599,0.99585,0.99615,1.00,1.00
2010.10.11 12:18:23.868,0.99585,0.99615,1.00,1.00
2010.10.11 12:18:25.042,0.9959,0.9962,1.00,2.80
2010.10.11 12:18:25.229,0.9959,0.9962,1.00,4.40
2010.10.11 12:18:25.420,0.99585,0.99615,1.00,1.00
2010.10.11 12:18:26.378,0.99585,0.99615,1.00,1.00
2010.10.11 12:18:28.158,0.9958,0.99615,2.20,1.00
2010.10.11 12:18:28.680,0.99575,0.99615,7.10,1.00
2010.10.11 12:18:28.987,0.99575,0.99615,6.90,1.00
2010.10.11 12:18:30.460,0.99575,0.99615,7.10,1.00
2010.10.11 12:18:30.649,0.9958,0.99615,1.00,2.80
2010.10.11 12:18:30.921,0.9958,0.99615,1.00,5.20
2010.10.11 12:18:31.121,0.99575,0.99615,7.10,1.00
2010.10.11 12:18:33.770,0.99575,0.9961,6.70,4.00
2010.10.11 12:18:34.159,0.9958,0.9961,1.00,4.40
2010.10.11 12:18:34.423,0.9957,0.9961,2.80,6.80
2010.10.11 12:18:34.679,0.9957,0.9961,2.10,9.20
2010.10.11 12:18:34.939,0.9957,0.99605,2.10,1.00
2010.10.11 12:18:35.197,0.9957,0.9961,2.10,9.20
2010.10.11 12:18:35.397,0.9957,0.9961,2.30,9.20
2010.10.11 12:18:35.800,0.9957,0.9961,2.20,9.30
2010.10.11 12:18:36.579,0.99575,0.9961,1.00,9.20
2010.10.11 12:18:36.767,0.99575,0.9961,1.00,6.80
2010.10.11 12:18:37.533,0.99575,0.9961,1.00,6.80
2010.10.11 12:18:37.789,0.99575,0.99605,1.00,1.00
2010.10.11 12:18:42.079,0.9957,0.99605,4.10,1.00
2010.10.11 12:18:42.228,0.9957,0.9961,4.50,6.90
2010.10.11 12:18:42.680,0.99575,0.9961,1.00,6.90
2010.10.11 12:18:44.334,0.9958,0.9961,1.00,6.80
2010.10.11 12:18:44.977,0.99575,0.99605,1.00,1.00
2010.10.11 12:18:46.438,0.9958,0.9961,1.00,6.80
2010.10.11 12:18:46.659,0.9958,0.9961,1.00,4.40
2010.10.11 12:18:47.890,0.99575,0.99605,1.00,1.00
2010.10.11 12:18:49.691,0.9958,0.9961,1.60,2.90
2010.10.11 12:18:50.747,0.9958,0.9961,1.60,2.80
2010.10.11 12:18:51.800,0.9958,0.9961,1.60,2.40
2010.10.11 12:18:51.945,0.9958,0.99615,1.60,2.10
2010.10.11 12:18:52.211,0.9958,0.99615,1.60,2.00
2010.10.11 12:18:52.349,0.9958,0.9962,2.00,9.20
2010.10.11 12:18:52.489,0.9958,0.99615,2.00,1.60
2010.10.11 12:18:53.649,0.99585,0.99615,1.60,1.00
2010.10.11 12:18:53.988,0.99585,0.9962,1.60,6.80
2010.10.11 12:18:54.406,0.9958,0.99615,1.00,1.00
2010.10.11 12:18:54.655,0.9958,0.99615,1.00,2.80
2010.10.11 12:18:54.899,0.9958,0.99615,1.00,1.00
2010.10.11 12:18:55.240,0.99585,0.99615,1.00,4.40
2010.10.11 12:18:55.579,0.99585,0.9961,1.00,2.80
2010.10.11 12:18:56.220,0.99575,0.9961,1.00,6.80
2010.10.11 12:18:56.722,0.99575,0.9961,1.00,6.80
2010.10.11 12:18:57.458,0.99575,0.9961,1.00,6.80
2010.10.11 12:18:57.988,0.99575,0.9961,1.00,6.80
2010.10.11 12:18:59.186,0.9958,0.9961,1.00,6.80
2010.10.11 12:19:00.806,0.99585,0.9961,1.00,6.80
2010.10.11 12:19:00.998,0.99585,0.9961,1.00,4.40
2010.10.11 12:19:02.430,0.99585,0.9961,1.00,4.40
2010.10.11 12:19:03.523,0.9958,0.9961,2.10,2.40
2010.10.11 12:19:03.532,0.9958,0.99615,2.10,1.70
2010.10.11 12:19:03.842,0.9958,0.9961,1.00,1.60
2010.10.11 12:19:04.151,0.9958,0.99615,4.70,1.00
2010.10.11 12:19:04.462,0.99585,0.9962,1.00,6.80
2010.10.11 12:19:04.984,0.99585,0.9962,1.00,9.20
2010.10.11 12:19:05.628,0.9958,0.9962,2.20,9.20
2010.10.11 12:19:05.907,0.99585,0.99615,1.00,1.00
2010.10.11 12:19:08.208,0.9958,0.9962,4.70,6.90
2010.10.11 12:19:09.198,0.99585,0.9962,1.00,4.40
2010.10.11 12:19:09.537,0.99585,0.9962,1.00,4.40
2010.10.11 12:19:10.339,0.99585,0.9962,1.00,4.50
2010.10.11 12:19:11.329,0.9959,0.9962,1.00,4.50
2010.10.11 12:19:12.837,0.99585,0.99615,1.00,1.00
2010.10.11 12:19:13.864,0.9958,0.99615,4.70,1.00
2010.10.11 12:19:14.108,0.9958,0.9962,4.40,6.80
2010.10.11 12:19:14.358,0.9958,0.99615,2.50,1.00
2010.10.11 12:19:14.613,0.9958,0.99615,1.00,1.00
2010.10.11 12:19:15.088,0.9958,0.99615,1.00,1.00
2010.10.11 12:19:15.339,0.9958,0.99615,1.00,1.00
2010.10.11 12:19:15.661,0.9958,0.9961,1.00,4.40
2010.10.11 12:19:15.980,0.9958,0.9961,1.00,6.80
2010.10.11 12:19:16.300,0.9958,0.99615,1.00,1.00
2010.10.11 12:19:16.750,0.9958,0.99615,1.00,2.80
2010.10.11 12:19:17.237,0.99575,0.99615,4.30,2.90
2010.10.11 12:19:17.547,0.99575,0.99615,4.20,2.80
2010.10.11 12:19:19.553,0.99575,0.99615,4.30,2.90
2010.10.11 12:19:20.311,0.9958,0.99615,1.00,2.80
2010.10.11 12:19:21.300,0.99575,0.99615,4.30,2.90
2010.10.11 12:19:26.311,0.9958,0.99615,1.00,2.80
2010.10.11 12:19:26.983,0.9958,0.99615,1.00,5.20
2010.10.11 12:19:28.297,0.9958,0.99615,1.00,6.80
2010.10.11 12:19:28.509,0.9958,0.9961,1.00,2.80
2010.10.11 12:19:28.718,0.9958,0.9961,1.00,4.40
2010.10.11 12:19:29.041,0.99575,0.99605,1.00,1.00
2010.10.11 12:19:29.998,0.9957,0.99605,1.00,1.00
2010.10.11 12:19:31.648,0.9957,0.99605,1.00,1.00
2010.10.11 12:19:31.988,0.99575,0.9961,1.60,4.40
2010.10.11 12:19:33.147,0.99575,0.9961,1.60,4.50
2010.10.11 12:19:34.318,0.99575,0.9961,1.60,4.40
2010.10.11 12:19:34.657,0.99575,0.9961,1.60,4.50
2010.10.11 12:19:35.507,0.99575,0.9961,1.70,4.40
2010.10.11 12:19:38.473,0.99575,0.9961,1.00,4.40
2010.10.11 12:19:38.667,0.99575,0.99605,1.00,1.00
2010.10.11 12:19:40.404,0.9957,0.99605,1.00,1.00
2010.10.11 12:19:44.347,0.99575,0.99605,1.00,1.00
2010.10.11 12:19:46.704,0.9957,0.99605,1.00,1.00
2010.10.11 12:19:47.027,0.99575,0.99605,1.00,1.00
2010.10.11 12:19:56.767,0.99565,0.99605,6.70,1.00
2010.10.11 12:19:56.978,0.9957,0.99605,4.40,1.00
2010.10.11 12:19:57.508,0.9957,0.99605,4.50,1.00
2010.10.11 12:19:58.482,0.99575,0.99605,1.00,1.00
2010.10.11 12:19:58.827,0.9958,0.9961,1.00,4.50
2010.10.11 12:19:58.948,0.99575,0.9961,1.00,4.60
2010.10.11 12:19:59.069,0.99575,0.996,1.00,1.60
2010.10.11 12:19:59.188,0.99575,0.996,1.00,4.00
2010.10.11 12:19:59.531,0.9957,0.99595,1.00,1.00
2010.10.11 12:19:59.869,0.9957,0.996,1.00,6.80
2010.10.11 12:20:00.412,0.99565,0.996,1.00,2.80
2010.10.11 12:20:00.751,0.9956,0.99595,1.00,1.00
2010.10.11 12:20:01.089,0.9956,0.99595,1.00,2.00
2010.10.11 12:20:01.429,0.9956,0.99595,1.00,5.20
2010.10.11 12:20:02.294,0.99555,0.99595,1.70,5.30
2010.10.11 12:20:02.642,0.9956,0.99595,1.00,5.20
2010.10.11 12:20:02.981,0.9956,0.996,2.10,7.70
2010.10.11 12:20:03.323,0.9956,0.996,6.90,2.90
2010.10.11 12:20:03.671,0.9957,0.996,2.00,2.80
2010.10.11 12:20:05.572,0.9957,0.996,2.00,2.80
2010.10.11 12:20:06.530,0.99575,0.996,1.00,2.80
2010.10.11 12:20:07.099,0.9957,0.996,1.00,2.80
2010.10.11 12:20:07.438,0.9957,0.996,1.00,2.80
2010.10.11 12:20:08.439,0.9957,0.996,1.00,2.80
2010.10.11 12:20:08.988,0.9957,0.996,1.00,2.80
2010.10.11 12:20:09.309,0.9957,0.99605,1.60,2.00
2010.10.11 12:20:09.629,0.99565,0.996,6.40,1.00
2010.10.11 12:20:09.948,0.9956,0.996,7.00,4.40
2010.10.11 12:20:10.287,0.9956,0.996,4.60,4.40
2010.10.11 12:20:10.627,0.99565,0.996,1.60,4.40
2010.10.11 12:20:10.968,0.99565,0.996,1.60,4.50
2010.10.11 12:20:12.477,0.99565,0.996,1.60,4.40
2010.10.11 12:20:13.467,0.99565,0.996,1.70,4.40
2010.10.11 12:20:13.918,0.9957,0.996,1.00,4.40
2010.10.11 12:20:14.699,0.9957,0.996,1.00,2.00
2010.10.11 12:20:15.040,0.9957,0.99605,2.10,2.00
2010.10.11 12:20:15.670,0.9957,0.996,2.00,1.00
2010.10.11 12:20:15.949,0.9957,0.99605,1.60,2.10
2010.10.11 12:20:16.237,0.9957,0.99605,2.00,2.10
2010.10.11 12:20:16.739,0.9957,0.99605,1.60,2.30
2010.10.11 12:20:17.084,0.9957,0.99605,1.00,2.20
2010.10.11 12:20:17.350,0.9957,0.99605,1.00,4.60
2010.10.11 12:20:18.130,0.99565,0.996,4.00,1.00
2010.10.11 12:20:18.807,0.9957,0.99605,2.40,2.00
2010.10.11 12:20:19.022,0.99575,0.9961,4.00,1.60
2010.10.11 12:20:19.242,0.9957,0.9961,4.40,6.80
2010.10.11 12:20:19.583,0.9957,0.99605,6.80,1.60
2010.10.11 12:20:19.930,0.9957,0.9961,4.40,4.00
2010.10.11 12:20:20.433,0.9957,0.99605,2.00,1.60
2010.10.11 12:20:20.780,0.9957,0.99605,4.70,2.00
2010.10.11 12:20:21.120,0.9957,0.9961,4.70,4.10
2010.10.11 12:20:21.460,0.9957,0.9961,4.50,1.70
2010.10.11 12:20:22.483,0.9958,0.99605,2.00,1.00
2010.10.11 12:20:23.171,0.9958,0.99605,2.00,1.00
2010.10.11 12:20:23.612,0.9957,0.996,4.90,2.80
2010.10.11 12:20:23.951,0.9957,0.996,1.00,2.80
2010.10.11 12:20:24.971,0.99565,0.996,1.00,4.60
2010.10.11 12:20:25.456,0.99565,0.996,1.00,9.40
2010.10.11 12:20:25.801,0.9957,0.996,1.60,7.60
2010.10.11 12:20:26.139,0.9957,0.996,2.00,1.00
2010.10.11 12:20:26.818,0.9957,0.9961,2.20,6.40
2010.10.11 12:20:27.158,0.9957,0.99605,2.20,1.60
2010.10.11 12:20:27.851,0.9957,0.99595,1.00,2.00
2010.10.11 12:20:28.190,0.99565,0.996,1.00,1.00
2010.10.11 12:20:28.529,0.99565,0.996,1.00,1.00
2010.10.11 12:20:28.867,0.99565,0.996,1.00,1.00
2010.10.11 12:20:29.210,0.99565,0.996,1.00,2.80
2010.10.11 12:20:29.548,0.99565,0.996,1.00,2.80
2010.10.11 12:20:29.800,0.99565,0.996,1.00,2.80
2010.10.11 12:20:30.298,0.99565,0.996,1.00,1.00
2010.10.11 12:20:30.548,0.99565,0.996,1.00,1.00
2010.10.11 12:20:31.819,0.99565,0.99605,1.00,4.80
2010.10.11 12:20:32.149,0.99565,0.996,1.00,4.80
2010.10.11 12:20:32.482,0.99565,0.996,1.00,2.80
2010.10.11 12:20:32.822,0.9957,0.99605,1.60,1.00
2010.10.11 12:20:33.050,0.99565,0.9961,5.50,9.30
2010.10.11 12:20:33.278,0.99565,0.99605,1.00,4.80
2010.10.11 12:20:34.113,0.99565,0.99605,2.80,4.80
2010.10.11 12:20:34.459,0.99565,0.99605,5.20,2.40
2010.10.11 12:20:35.331,0.99565,0.99605,5.20,2.40
2010.10.11 12:20:36.337,0.99565,0.996,5.20,1.00
2010.10.11 12:20:36.818,0.9957,0.99605,1.60,2.40
2010.10.11 12:20:37.069,0.9957,0.996,4.40,2.40
2010.10.11 12:20:37.500,0.9957,0.99605,1.00,2.40
2010.10.11 12:20:37.712,0.99565,0.996,1.00,2.80
2010.10.11 12:20:37.919,0.9956,0.996,4.40,1.60
2010.10.11 12:20:38.260,0.99565,0.996,1.00,1.00
2010.10.11 12:20:38.601,0.99565,0.996,2.80,2.80
2010.10.11 12:20:38.940,0.99565,0.99605,3.00,4.90
2010.10.11 12:20:39.281,0.99575,0.99605,1.00,6.90
2010.10.11 12:20:39.621,0.9958,0.996,1.00,1.00
2010.10.11 12:20:40.178,0.9957,0.996,2.20,1.00
2010.10.11 12:20:40.522,0.99575,0.99605,1.00,1.00
2010.10.11 12:20:40.862,0.9957,0.99605,4.40,2.00
2010.10.11 12:20:41.198,0.9957,0.99605,2.00,2.00
2010.10.11 12:20:41.538,0.9957,0.996,2.00,1.00
2010.10.11 12:20:42.702,0.99565,0.996,1.00,2.80
2010.10.11 12:20:43.949,0.99565,0.996,1.00,2.80
2010.10.11 12:20:44.221,0.9957,0.996,1.60,1.00
2010.10.11 12:20:45.708,0.9957,0.99595,1.60,1.00
2010.10.11 12:20:45.920,0.9957,0.99605,1.60,2.00
2010.10.11 12:20:46.129,0.9957,0.996,1.00,2.80
2010.10.11 12:20:46.565,0.9957,0.996,1.00,2.40
2010.10.11 12:20:46.883,0.99565,0.99605,4.20,4.40
2010.10.11 12:20:47.207,0.9956,0.996,6.80,1.60
2010.10.11 12:20:48.349,0.9956,0.996,6.80,1.60
2010.10.11 12:20:48.688,0.9956,0.996,6.90,1.70
2010.10.11 12:20:51.115,0.99575,0.996,2.00,1.00
2010.10.11 12:20:51.422,0.9957,0.996,2.40,1.60
2010.10.11 12:20:51.731,0.9957,0.996,2.00,1.00
2010.10.11 12:20:52.217,0.9957,0.996,1.00,1.70
2010.10.11 12:20:52.523,0.9957,0.996,1.60,1.00
2010.10.11 12:20:52.820,0.9957,0.996,1.00,1.70
2010.10.11 12:20:53.119,0.9957,0.996,2.00,1.00
2010.10.11 12:20:53.442,0.99565,0.996,4.30,1.70
2010.10.11 12:20:53.759,0.9957,0.996,2.00,1.00
2010.10.11 12:20:54.399,0.9957,0.996,2.20,1.00
2010.10.11 12:20:54.732,0.99575,0.996,2.00,1.00
2010.10.11 12:20:55.059,0.9958,0.99605,1.60,1.00
2010.10.11 12:20:57.277,0.99575,0.99605,2.10,1.00
2010.10.11 12:20:57.549,0.9958,0.99605,1.60,1.00
2010.10.11 12:20:58.433,0.99575,0.99605,1.70,1.00
2010.10.11 12:20:59.459,0.9958,0.99605,1.00,1.00
2010.10.11 12:20:59.801,0.99575,0.99605,1.60,1.00
2010.10.11 12:21:00.201,0.99575,0.9961,1.60,1.60
2010.10.11 12:21:00.491,0.99585,0.9961,1.00,1.60
2010.10.11 12:21:01.330,0.9958,0.9961,1.00,1.70
2010.10.11 12:21:03.090,0.99585,0.99615,1.00,1.70
2010.10.11 12:21:03.353,0.99585,0.99615,2.00,1.00
2010.10.11 12:21:03.550,0.99585,0.9962,2.00,4.50
2010.10.11 12:21:04.159,0.99585,0.99615,1.00,1.60
2010.10.11 12:21:04.357,0.99585,0.99615,1.00,2.00
2010.10.11 12:21:05.378,0.99585,0.99615,1.00,1.00
2010.10.11 12:21:05.798,0.99595,0.99615,1.60,1.00
2010.10.11 12:21:05.953,0.996,0.9963,1.00,6.50
2010.10.11 12:21:06.112,0.996,0.9963,2.00,1.00
2010.10.11 12:21:06.503,0.99595,0.9963,1.60,9.20
2010.10.11 12:21:06.855,0.9959,0.9963,2.40,6.80
2010.10.11 12:21:07.375,0.9959,0.9962,2.40,1.60
2010.10.11 12:21:07.720,0.99585,0.9962,1.00,6.40
2010.10.11 12:21:10.428,0.9959,0.9962,1.00,6.40
2010.10.11 12:21:11.088,0.9959,0.9962,1.00,4.00
2010.10.11 12:21:11.423,0.9959,0.99625,2.00,4.40
2010.10.11 12:21:11.751,0.9959,0.9962,1.00,2.80
2010.10.11 12:21:13.690,0.99585,0.9962,1.00,2.90
2010.10.11 12:21:15.422,0.9959,0.9962,2.00,1.00
2010.10.11 12:21:16.837,0.9959,0.9962,2.00,1.00
2010.10.11 12:21:19.287,0.9959,0.9962,2.00,1.00
2010.10.11 12:21:20.242,0.99595,0.99625,1.00,2.10
2010.10.11 12:21:20.501,0.99595,0.99625,1.00,2.00
2010.10.11 12:21:20.758,0.9959,0.9962,2.00,1.00
2010.10.11 12:21:22.281,0.99595,0.99625,1.00,1.60
2010.10.11 12:21:22.623,0.99595,0.99625,1.00,1.00
2010.10.11 12:21:24.677,0.99595,0.99625,1.00,1.00
2010.10.11 12:21:33.429,0.99595,0.99625,1.00,1.00
2010.10.11 12:21:33.509,0.99595,0.99625,1.00,1.00
2010.10.11 12:21:33.701,0.996,0.99625,2.00,1.00
2010.10.11 12:21:36.129,0.996,0.99625,2.00,1.00
2010.10.11 12:21:36.490,0.996,0.99625,1.60,1.00
2010.10.11 12:21:37.498,0.996,0.9962,1.60,1.00
2010.10.11 12:21:39.568,0.996,0.99625,1.60,1.00
2010.10.11 12:21:41.080,0.9959,0.99625,6.50,2.00
2010.10.11 12:21:41.278,0.996,0.99635,9.20,2.00
2010.10.11 12:21:41.472,0.996,0.99635,6.80,2.00
2010.10.11 12:21:41.661,0.996,0.99635,2.00,2.10
2010.10.11 12:21:42.558,0.996,0.9963,1.00,1.00
2010.10.11 12:21:42.899,0.99595,0.9963,1.00,2.90
2010.10.11 12:21:44.448,0.996,0.9963,1.00,2.80
2010.10.11 12:21:44.735,0.996,0.9963,2.00,2.40
2010.10.11 12:21:45.011,0.99605,0.99635,1.00,1.00
2010.10.11 12:21:45.350,0.99595,0.9963,1.00,2.80
2010.10.11 12:21:45.687,0.99595,0.9963,1.00,2.80
2010.10.11 12:21:46.029,0.99595,0.9963,1.00,2.40
2010.10.11 12:21:46.368,0.99595,0.9963,1.00,2.80
2010.10.11 12:21:46.908,0.996,0.9963,1.00,1.60
2010.10.11 12:21:47.261,0.9959,0.99625,2.00,4.40
2010.10.11 12:21:47.511,0.99585,0.9962,1.00,2.40
2010.10.11 12:21:47.951,0.9959,0.9962,1.00,2.40
2010.10.11 12:21:50.071,0.99585,0.9962,1.00,2.40
2010.10.11 12:21:51.006,0.9959,0.99625,1.00,4.80
2010.10.11 12:21:51.377,0.99585,0.99625,2.30,4.90
2010.10.11 12:21:52.398,0.9959,0.99625,2.40,4.90
2010.10.11 12:21:52.581,0.9959,0.9962,2.80,1.60
2010.10.11 12:21:52.760,0.9959,0.9962,1.00,1.60
2010.10.11 12:21:53.174,0.9959,0.99625,2.00,2.00
2010.10.11 12:21:53.357,0.99595,0.99625,1.00,1.00
2010.10.11 12:21:53.943,0.99595,0.9963,2.00,5.20
2010.10.11 12:21:54.294,0.996,0.99635,1.60,4.60
2010.10.11 12:21:54.645,0.9959,0.9962,7.30,1.00
2010.10.11 12:21:54.991,0.99595,0.9962,2.40,2.80
2010.10.11 12:21:55.330,0.99585,0.9962,1.00,2.80
2010.10.11 12:21:56.009,0.99585,0.9962,1.00,1.00
2010.10.11 12:21:56.790,0.9959,0.9962,1.00,1.00
2010.10.11 12:21:57.755,0.9959,0.99625,2.00,2.00
2010.10.11 12:21:58.698,0.996,0.99625,1.00,2.00
2010.10.11 12:21:59.246,0.996,0.99625,2.40,1.00
2010.10.11 12:21:59.592,0.9959,0.9963,6.60,4.40
2010.10.11 12:21:59.932,0.9959,0.9963,2.40,6.80
2010.10.11 12:22:00.269,0.9959,0.9963,1.00,6.80
2010.10.11 12:22:00.609,0.9959,0.9963,7.10,1.60
2010.10.11 12:22:00.948,0.9959,0.9963,4.50,4.00
2010.10.11 12:22:01.248,0.9959,0.9963,4.40,4.00
2010.10.11 12:22:02.236,0.99595,0.9963,1.00,4.00
2010.10.11 12:22:03.860,0.99595,0.9963,1.00,4.00
2010.10.11 12:22:04.054,0.996,0.99635,2.80,1.00
2010.10.11 12:22:04.402,0.996,0.9964,1.00,4.80
2010.10.11 12:22:05.610,0.99595,0.9964,5.50,7.30
2010.10.11 12:22:05.940,0.99595,0.9964,5.50,4.90
2010.10.11 12:22:06.269,0.99595,0.99635,3.10,2.40
2010.10.11 12:22:07.287,0.99595,0.9964,5.50,4.90
2010.10.11 12:22:07.447,0.996,0.9964,1.00,4.80
2010.10.11 12:22:07.747,0.99595,0.99635,5.40,1.00
2010.10.11 12:22:07.908,0.99595,0.99635,3.00,2.40
2010.10.11 12:22:09.040,0.996,0.9964,1.00,9.20
2010.10.11 12:22:09.510,0.99605,0.9964,1.00,6.80
2010.10.11 12:22:09.852,0.99605,0.9964,1.00,2.00
2010.10.11 12:22:10.201,0.99605,0.99645,5.40,1.00
2010.10.11 12:22:10.543,0.9961,0.99645,2.40,1.00
2010.10.11 12:22:10.890,0.99605,0.99645,5.40,1.00
2010.10.11 12:22:11.231,0.99615,0.9965,1.00,2.00
2010.10.11 12:22:11.774,0.9962,0.9965,2.40,1.00
2010.10.11 12:22:12.460,0.9962,0.99655,2.40,1.00
2010.10.11 12:22:14.039,0.9962,0.99655,2.40,1.00
2010.10.11 12:22:14.960,0.9962,0.9965,2.40,1.00
2010.10.11 12:22:16.278,0.9962,0.99655,2.50,1.00
2010.10.11 12:22:16.920,0.99615,0.99655,4.80,1.00
2010.10.11 12:22:17.218,0.99615,0.9965,2.40,2.80
2010.10.11 12:22:17.519,0.9961,0.9965,4.80,1.00
2010.10.11 12:22:17.818,0.9961,0.9965,4.80,3.00
2010.10.11 12:22:18.957,0.9961,0.9965,4.80,2.80
2010.10.11 12:22:19.636,0.99615,0.9965,1.00,2.80
2010.10.11 12:22:20.060,0.9961,0.99645,4.90,1.00
2010.10.11 12:22:20.472,0.99615,0.99645,1.00,1.00
2010.10.11 12:22:20.890,0.9961,0.99645,4.80,1.00
2010.10.11 12:22:21.239,0.99605,0.99645,4.90,1.00
2010.10.11 12:22:21.976,0.99605,0.9964,4.80,1.00
2010.10.11 12:22:22.660,0.99605,0.9964,4.80,1.00
2010.10.11 12:22:23.685,0.99605,0.9964,4.80,1.00
2010.10.11 12:22:23.911,0.9961,0.9964,4.40,1.00
2010.10.11 12:22:24.123,0.9961,0.9964,2.40,1.00
2010.10.11 12:22:24.473,0.9961,0.99645,4.40,1.00
2010.10.11 12:22:24.821,0.9961,0.9965,4.40,1.60
2010.10.11 12:22:25.499,0.9961,0.99645,4.40,1.00
2010.10.11 12:22:26.397,0.9961,0.99645,4.40,1.00
2010.10.11 12:22:26.849,0.9961,0.99645,2.40,2.00
2010.10.11 12:22:27.071,0.99605,0.9964,2.00,1.00
2010.10.11 12:22:27.508,0.99605,0.99645,7.00,1.60
2010.10.11 12:22:27.855,0.99615,0.99655,4.80,1.00
2010.10.11 12:22:28.407,0.99615,0.9966,4.80,9.90
2010.10.11 12:22:29.087,0.99615,0.9965,4.80,1.00
2010.10.11 12:22:30.557,0.99615,0.9965,4.80,1.00
2010.10.11 12:22:31.177,0.99615,0.99655,4.80,1.00
2010.10.11 12:22:34.868,0.99615,0.99655,5.00,1.00
2010.10.11 12:22:35.074,0.99615,0.99655,7.00,1.00
2010.10.11 12:22:35.281,0.9962,0.99655,4.80,1.00
2010.10.11 12:22:36.036,0.9962,0.99655,5.40,1.00
2010.10.11 12:22:37.502,0.99625,0.9966,2.10,2.80
2010.10.11 12:22:38.618,0.9963,0.9966,1.00,2.80
2010.10.11 12:22:41.357,0.99625,0.9966,2.10,2.90
2010.10.11 12:22:43.537,0.99625,0.99655,2.00,1.00
2010.10.11 12:22:44.319,0.99625,0.9965,1.00,1.00
2010.10.11 12:22:44.660,0.99625,0.9966,1.60,1.60
2010.10.11 12:22:45.000,0.99625,0.9966,4.00,1.60
2010.10.11 12:22:45.339,0.99625,0.99655,1.60,1.00
2010.10.11 12:22:45.680,0.9962,0.99655,4.40,2.20
2010.10.11 12:22:46.018,0.99615,0.99655,6.40,4.60
2010.10.11 12:22:46.360,0.99615,0.99655,4.10,4.60
2010.10.11 12:22:46.679,0.99615,0.99655,4.10,4.40
2010.10.11 12:22:47.318,0.99615,0.99655,4.10,4.50
2010.10.11 12:22:47.639,0.99615,0.9965,4.00,1.60
2010.10.11 12:22:47.888,0.99615,0.9965,1.60,1.60
2010.10.11 12:22:48.388,0.9961,0.9965,4.40,1.60
2010.10.11 12:22:49.154,0.9961,0.9965,2.00,6.40
2010.10.11 12:22:49.434,0.9961,0.9965,1.00,9.20
2010.10.11 12:22:49.771,0.99615,0.9965,1.00,2.00
2010.10.11 12:22:50.100,0.99615,0.9965,1.00,4.40
2010.10.11 12:22:50.431,0.99615,0.99655,1.00,4.80
2010.10.11 12:22:50.771,0.9962,0.9966,1.00,6.40
2010.10.11 12:22:51.340,0.9963,0.99665,2.40,1.00
2010.10.11 12:22:51.680,0.9963,0.99675,5.20,5.60
2010.10.11 12:22:52.022,0.9963,0.9967,5.20,4.40
2010.10.11 12:22:52.362,0.99625,0.9966,6.80,2.80
2010.10.11 12:22:52.701,0.99625,0.9966,1.00,2.80
2010.10.11 12:22:53.039,0.9962,0.9966,6.40,2.80
2010.10.11 12:22:53.717,0.9962,0.9966,6.50,2.80
2010.10.11 12:22:54.600,0.9962,0.99645,8.80,1.00
2010.10.11 12:22:54.944,0.9962,0.99665,2.80,4.80
2010.10.11 12:22:55.289,0.9962,0.9966,1.00,4.80
2010.10.11 12:22:55.630,0.9962,0.9966,1.00,4.80
2010.10.11 12:22:56.309,0.99625,0.9966,1.00,4.80
2010.10.11 12:22:56.648,0.9962,0.9966,1.00,4.80
2010.10.11 12:22:57.228,0.99615,0.9966,4.90,4.90
2010.10.11 12:22:57.807,0.9962,0.99655,1.00,1.00
2010.10.11 12:22:58.314,0.9962,0.9966,1.00,7.60
2010.10.11 12:22:58.624,0.99625,0.9966,1.00,5.20
2010.10.11 12:22:58.933,0.99625,0.99665,1.00,6.50
2010.10.11 12:22:59.280,0.99625,0.99665,2.80,2.50
2010.10.11 12:23:00.278,0.99625,0.99665,2.80,2.40
2010.10.11 12:23:00.921,0.9963,0.99665,1.00,2.40
2010.10.11 12:23:01.243,0.9963,0.99655,1.60,1.00
2010.10.11 12:23:01.482,0.9963,0.9966,1.00,1.00
2010.10.11 12:23:01.709,0.99625,0.9966,7.00,1.00
2010.10.11 12:23:02.298,0.99625,0.9966,5.20,1.00
2010.10.11 12:23:02.644,0.99625,0.99655,1.70,1.00
2010.10.11 12:23:02.993,0.9963,0.9966,1.00,1.00
2010.10.11 12:23:03.322,0.99625,0.9966,1.00,1.00
2010.10.11 12:23:03.649,0.99625,0.9966,1.00,1.00
2010.10.11 12:23:05.044,0.99625,0.9966,1.00,1.00
2010.10.11 12:23:05.169,0.99625,0.9966,3.00,1.00
2010.10.11 12:23:05.298,0.99625,0.9966,1.00,1.00
2010.10.11 12:23:05.428,0.99625,0.99665,1.00,5.00
2010.10.11 12:23:05.557,0.99625,0.9966,1.00,1.00
2010.10.11 12:23:05.927,0.99625,0.9966,1.00,1.00
2010.10.11 12:23:06.309,0.9962,0.9966,7.20,1.00
2010.10.11 12:23:06.628,0.9962,0.9966,4.90,1.00
2010.10.11 12:23:06.949,0.9964,0.99665,1.00,2.40
2010.10.11 12:23:07.268,0.9963,0.9967,4.80,2.80
2010.10.11 12:23:07.698,0.9963,0.9967,4.00,2.80
2010.10.11 12:23:07.952,0.99635,0.9967,1.00,7.20
2010.10.11 12:23:08.200,0.99635,0.9967,5.20,1.60
2010.10.11 12:23:08.552,0.9964,0.9967,1.00,1.60
2010.10.11 12:23:08.876,0.9964,0.99675,1.00,4.80
2010.10.11 12:23:09.189,0.99635,0.9968,5.20,9.20
2010.10.11 12:23:10.705,0.99635,0.99675,5.50,1.00
2010.10.11 12:23:10.848,0.9964,0.99675,4.80,1.00
2010.10.11 12:23:10.928,0.9964,0.99675,4.80,1.00
2010.10.11 12:23:11.266,0.9964,0.99675,1.00,1.00
2010.10.11 12:23:11.407,0.99635,0.99675,5.30,1.00
2010.10.11 12:23:12.407,0.9964,0.9968,1.00,9.30
2010.10.11 12:23:14.247,0.99645,0.99675,1.00,1.00
2010.10.11 12:23:14.759,0.99635,0.99665,1.00,2.40
2010.10.11 12:23:15.023,0.99635,0.9966,1.00,4.00
2010.10.11 12:23:15.913,0.9963,0.9966,1.00,4.00
2010.10.11 12:23:17.198,0.99625,0.9966,1.00,4.00
2010.10.11 12:23:17.539,0.9963,0.9966,2.80,1.60
2010.10.11 12:23:17.880,0.99635,0.9967,1.00,4.80
2010.10.11 12:23:18.218,0.99635,0.9967,1.00,2.40
2010.10.11 12:23:18.773,0.9963,0.9967,2.80,2.40
2010.10.11 12:23:18.980,0.99635,0.99665,1.00,2.40
2010.10.11 12:23:19.221,0.9963,0.99665,1.00,2.40
2010.10.11 12:23:19.687,0.9963,0.9967,2.50,5.30
2010.10.11 12:23:19.920,0.9963,0.9966,1.00,1.00
2010.10.11 12:23:20.158,0.9963,0.9966,1.00,1.00
2010.10.11 12:23:20.501,0.9963,0.99665,1.00,2.40
2010.10.11 12:23:20.839,0.9963,0.99665,1.00,2.60
2010.10.11 12:23:21.177,0.9963,0.9966,1.00,1.00
2010.10.11 12:23:22.417,0.9963,0.9966,1.00,1.00
2010.10.11 12:23:27.417,0.99635,0.9966,1.00,1.00
2010.10.11 12:23:28.292,0.99635,0.9966,1.00,1.00
2010.10.11 12:23:28.629,0.9964,0.9966,1.00,1.00
2010.10.11 12:23:29.308,0.9963,0.9966,4.10,1.00
2010.10.11 12:23:29.649,0.9964,0.9967,1.00,6.80
2010.10.11 12:23:29.949,0.99635,0.9967,1.00,9.20
2010.10.11 12:23:30.443,0.99635,0.9967,1.00,6.90
2010.10.11 12:23:30.750,0.99635,0.9967,1.00,9.20
2010.10.11 12:23:31.639,0.99635,0.99665,1.00,1.00
2010.10.11 12:23:31.979,0.99635,0.99665,1.00,4.80
2010.10.11 12:23:32.318,0.99635,0.99665,1.60,4.80
2010.10.11 12:23:32.661,0.99635,0.9967,2.00,1.00
2010.10.11 12:23:33.001,0.9963,0.9967,5.20,1.00
2010.10.11 12:23:33.473,0.99635,0.9967,1.00,4.80
2010.10.11 12:23:33.813,0.9963,0.99675,2.50,4.90
2010.10.11 12:23:34.499,0.99635,0.99675,1.00,4.80
2010.10.11 12:23:35.858,0.99635,0.99675,1.00,4.90
2010.10.11 12:23:37.522,0.9964,0.99675,1.00,4.80
2010.10.11 12:23:38.200,0.99635,0.99675,1.00,4.80
2010.10.11 12:23:38.543,0.99635,0.99675,2.80,2.40
2010.10.11 12:23:38.890,0.9964,0.99675,1.00,2.40
2010.10.11 12:23:40.058,0.9964,0.99675,1.00,2.40
2010.10.11 12:23:47.557,0.9964,0.99675,1.00,4.80
2010.10.11 12:23:47.618,0.9964,0.9967,1.00,1.60
2010.10.11 12:23:49.210,0.9964,0.9967,1.00,6.80
2010.10.11 12:23:49.688,0.99635,0.9967,1.00,6.80
2010.10.11 12:23:51.319,0.99635,0.9967,1.00,6.80
2010.10.11 12:23:53.428,0.9964,0.9967,1.00,6.80
2010.10.11 12:23:59.682,0.9964,0.99665,1.00,1.00
2010.10.11 12:24:00.063,0.9964,0.9966,1.00,1.60
2010.10.11 12:24:00.298,0.99635,0.99665,1.00,2.80
2010.10.11 12:24:00.511,0.99635,0.99665,1.00,5.20
2010.10.11 12:24:00.912,0.9963,0.99665,1.00,5.20
2010.10.11 12:24:01.131,0.9963,0.99665,1.00,5.00
2010.10.11 12:24:01.671,0.99635,0.99665,1.00,5.00
2010.10.11 12:24:02.229,0.99635,0.99665,1.00,5.20
2010.10.11 12:24:02.879,0.99635,0.99665,1.00,5.20
2010.10.11 12:24:05.901,0.9963,0.99665,4.40,2.40
2010.10.11 12:24:06.273,0.9963,0.99665,1.00,2.00
2010.10.11 12:24:06.568,0.9963,0.99665,1.00,1.60
2010.10.11 12:24:07.059,0.9963,0.99665,1.00,2.00
2010.10.11 12:24:07.738,0.9963,0.99665,1.00,2.10
2010.10.11 12:24:07.898,0.9964,0.99665,1.00,1.60
2010.10.11 12:24:08.058,0.99635,0.9967,1.00,2.80
2010.10.11 12:24:08.218,0.99635,0.9967,1.00,5.40
2010.10.11 12:24:08.378,0.9963,0.99665,2.00,1.00
2010.10.11 12:24:08.736,0.9963,0.99665,1.00,2.00
2010.10.11 12:24:09.041,0.99625,0.99665,6.70,2.00
2010.10.11 12:24:09.350,0.99625,0.99665,6.50,2.00
2010.10.11 12:24:09.659,0.9963,0.99665,1.00,1.60
2010.10.11 12:24:09.970,0.99635,0.9967,1.00,2.80
2010.10.11 12:24:10.290,0.9963,0.99665,4.00,1.00
2010.10.11 12:24:11.078,0.99635,0.99665,1.00,1.00
2010.10.11 12:24:11.228,0.99635,0.99665,1.00,1.00
2010.10.11 12:24:11.377,0.9963,0.9966,2.40,1.00
2010.10.11 12:24:11.667,0.9963,0.9966,6.40,1.00
2010.10.11 12:24:11.958,0.99635,0.99665,1.00,1.00
2010.10.11 12:24:12.220,0.99625,0.99665,7.30,1.00
2010.10.11 12:24:12.478,0.99625,0.9966,7.20,1.00
2010.10.11 12:24:14.342,0.99625,0.9966,7.30,1.00
2010.10.11 12:24:16.766,0.9963,0.9966,1.00,1.00
2010.10.11 12:24:19.878,0.99635,0.99665,1.00,1.00
2010.10.11 12:24:21.666,0.99635,0.9967,1.00,7.70
2010.10.11 12:24:26.766,0.99635,0.9967,1.00,5.30
2010.10.11 12:24:26.877,0.99635,0.9967,1.00,7.70
2010.10.11 12:24:28.378,0.9963,0.9967,4.00,2.80
2010.10.11 12:24:28.477,0.9963,0.9967,6.80,1.00
2010.10.11 12:24:28.577,0.9963,0.9967,2.80,5.20
2010.10.11 12:24:28.677,0.99635,0.9967,1.00,7.60
2010.10.11 12:24:28.768,0.99635,0.9967,1.00,1.00
2010.10.11 12:24:29.410,0.9963,0.9967,1.00,7.60
2010.10.11 12:24:29.709,0.99635,0.9967,1.00,1.00
2010.10.11 12:24:30.011,0.99635,0.9967,1.00,5.40
2010.10.11 12:24:30.309,0.9963,0.9967,4.40,2.80
2010.10.11 12:24:30.519,0.99635,0.9967,1.00,1.00
2010.10.11 12:24:30.729,0.9963,0.9967,2.80,5.20
2010.10.11 12:24:30.939,0.99635,0.9967,1.00,1.00
2010.10.11 12:24:31.582,0.99635,0.9967,2.00,1.00
2010.10.11 12:24:31.958,0.9964,0.9967,1.00,1.00
2010.10.11 12:24:33.280,0.9964,0.9968,1.00,5.20
2010.10.11 12:24:33.536,0.9964,0.9968,1.00,5.30
2010.10.11 12:24:35.699,0.9965,0.9968,1.00,5.30
2010.10.11 12:24:35.839,0.9965,0.99675,1.00,1.00
2010.10.11 12:24:35.979,0.9965,0.99675,2.80,1.00
2010.10.11 12:24:36.305,0.9965,0.99675,1.00,4.00
2010.10.11 12:24:36.447,0.99645,0.9968,1.60,6.40
2010.10.11 12:24:36.582,0.9964,0.9968,2.10,6.60
2010.10.11 12:24:36.723,0.99635,0.9967,1.00,1.00
2010.10.11 12:24:37.268,0.99635,0.9967,1.00,3.00
2010.10.11 12:24:37.608,0.9963,0.9967,2.80,5.40
2010.10.11 12:24:38.447,0.9963,0.9967,2.90,5.50
2010.10.11 12:24:38.697,0.9963,0.9967,2.90,5.30
2010.10.11 12:24:38.808,0.9963,0.9967,2.90,2.90
2010.10.11 12:24:39.168,0.9963,0.9967,2.90,5.30
2010.10.11 12:24:40.817,0.99635,0.9967,1.00,5.20
2010.10.11 12:24:43.398,0.9963,0.9967,2.80,5.20
2010.10.11 12:24:43.929,0.9963,0.9967,1.00,7.60
2010.10.11 12:24:51.637,0.9963,0.9967,1.00,7.60
2010.10.11 12:24:51.746,0.99625,0.9967,7.00,7.60
2010.10.11 12:24:51.972,0.9963,0.9967,2.40,5.20
2010.10.11 12:24:52.120,0.99635,0.9967,1.60,1.70
2010.10.11 12:24:53.970,0.99635,0.99665,1.60,1.00
2010.10.11 12:24:54.619,0.99635,0.9967,1.60,1.60
2010.10.11 12:24:54.859,0.99635,0.9967,6.80,1.60
2010.10.11 12:24:55.141,0.99635,0.9967,6.80,1.00
2010.10.11 12:24:55.638,0.99635,0.9967,4.40,1.00
2010.10.11 12:24:56.317,0.99635,0.9967,4.00,1.00
2010.10.11 12:24:56.871,0.99625,0.9967,7.00,9.20
2010.10.11 12:24:56.953,0.9963,0.9967,2.40,2.90
2010.10.11 12:24:57.039,0.9963,0.9967,2.40,5.30
2010.10.11 12:24:57.118,0.99625,0.9967,6.90,9.30
2010.10.11 12:24:59.449,0.99625,0.9967,6.80,9.20
2010.10.11 12:24:59.871,0.99625,0.9967,6.80,9.40
2010.10.11 12:25:00.077,0.99625,0.99665,6.80,1.00
2010.10.11 12:25:00.289,0.99625,0.9966,1.60,1.60
2010.10.11 12:25:00.991,0.9963,0.9966,1.00,1.70
2010.10.11 12:25:01.099,0.9963,0.9966,1.00,1.60
2010.10.11 12:25:01.209,0.99625,0.99665,5.80,1.00
2010.10.11 12:25:01.650,0.99625,0.99665,5.40,1.00
2010.10.11 12:25:01.988,0.99625,0.99665,5.20,1.00
2010.10.11 12:25:02.328,0.99625,0.9966,5.20,1.00
2010.10.11 12:25:02.668,0.9963,0.99665,2.40,1.00
2010.10.11 12:25:03.218,0.9963,0.99665,4.60,1.00
2010.10.11 12:25:03.464,0.99635,0.99665,1.00,1.00
2010.10.11 12:25:03.701,0.99635,0.9967,1.00,1.00
2010.10.11 12:25:05.958,0.99635,0.99665,1.00,1.00
2010.10.11 12:25:06.499,0.99635,0.9967,1.00,1.00
2010.10.11 12:25:07.369,0.9963,0.9967,4.40,2.40
2010.10.11 12:25:07.699,0.9963,0.9967,2.00,6.40
2010.10.11 12:25:08.269,0.9963,0.9967,4.40,4.00
2010.10.11 12:25:08.481,0.9963,0.9967,6.80,1.60
2010.10.11 12:25:08.690,0.99635,0.9967,1.60,1.60
2010.10.11 12:25:09.110,0.9963,0.99665,2.80,1.00
2010.10.11 12:25:09.440,0.99625,0.99665,6.80,1.00
2010.10.11 12:25:09.769,0.99625,0.99665,7.00,1.00
2010.10.11 12:25:10.439,0.99635,0.99665,2.00,1.00
2010.10.11 12:25:10.908,0.99635,0.99665,6.80,1.00
2010.10.11 12:25:11.249,0.99635,0.99665,5.20,1.00
2010.10.11 12:25:12.605,0.99635,0.99665,2.80,1.00
2010.10.11 12:25:12.790,0.99635,0.9967,5.20,1.00
2010.10.11 12:25:14.993,0.99635,0.9967,1.00,1.00
2010.10.11 12:25:15.299,0.99635,0.9967,5.20,1.00
2010.10.11 12:25:15.898,0.99635,0.99675,5.20,1.00
2010.10.11 12:25:17.760,0.99635,0.9967,5.20,1.00
2010.10.11 12:25:18.064,0.99635,0.9967,2.80,1.00
2010.10.11 12:25:18.328,0.99635,0.9967,1.00,1.00
2010.10.11 12:25:18.598,0.99635,0.9967,2.80,1.00
2010.10.11 12:25:19.064,0.99635,0.99665,2.80,1.00
2010.10.11 12:25:20.308,0.99635,0.9967,2.80,1.00
2010.10.11 12:25:20.964,0.99635,0.9967,2.80,1.00
2010.10.11 12:25:21.169,0.99635,0.99675,2.90,2.50
2010.10.11 12:25:22.312,0.99635,0.9967,2.80,1.00
2010.10.11 12:25:22.610,0.99635,0.9967,2.80,1.00
2010.10.11 12:25:23.198,0.99635,0.9967,1.00,1.00
2010.10.11 12:25:24.364,0.99635,0.9967,5.20,1.00
2010.10.11 12:25:27.277,0.99635,0.9967,2.00,1.00
2010.10.11 12:25:29.527,0.99635,0.9967,4.40,1.00
2010.10.11 12:25:30.200,0.99635,0.9967,2.00,1.00
2010.10.11 12:25:31.480,0.99635,0.99675,6.80,1.00
2010.10.11 12:25:31.660,0.99635,0.99675,4.50,4.10
2010.10.11 12:25:31.841,0.99635,0.99675,2.10,6.50
2010.10.11 12:25:32.018,0.99635,0.99675,4.50,4.10
2010.10.11 12:25:33.780,0.99645,0.99675,1.00,4.10
2010.10.11 12:25:34.216,0.99645,0.99675,1.00,1.00
2010.10.11 12:25:34.658,0.99645,0.9967,1.00,1.00
2010.10.11 12:25:35.860,0.99645,0.99675,1.00,1.00
2010.10.11 12:25:37.648,0.99645,0.9967,1.00,1.00
2010.10.11 12:25:41.661,0.99645,0.9967,1.00,1.00
2010.10.11 12:25:42.102,0.99645,0.99675,1.00,1.00
2010.10.11 12:25:42.330,0.9964,0.9967,1.00,1.60
2010.10.11 12:25:42.669,0.99645,0.9968,1.00,6.80
2010.10.11 12:25:43.052,0.99645,0.9968,1.00,2.10
2010.10.11 12:25:43.393,0.99635,0.9968,7.10,7.00
2010.10.11 12:25:43.740,0.99635,0.9967,1.70,1.60
2010.10.11 12:25:46.096,0.9964,0.9967,1.00,1.60
2010.10.11 12:25:46.756,0.99635,0.9967,1.70,1.60
2010.10.11 12:25:48.294,0.99635,0.9967,1.60,1.60
2010.10.11 12:25:52.369,0.99635,0.9967,4.00,1.60
2010.10.11 12:25:52.489,0.99635,0.9967,1.60,1.60
2010.10.11 12:25:54.958,0.99635,0.9967,1.60,2.20
2010.10.11 12:25:55.050,0.9963,0.9966,7.20,1.60
2010.10.11 12:25:55.658,0.9963,0.99665,1.00,6.80
2010.10.11 12:25:56.002,0.9963,0.99665,2.00,2.00
2010.10.11 12:25:56.340,0.9963,0.99665,2.00,2.00
2010.10.11 12:25:57.369,0.9963,0.99665,2.10,2.10
2010.10.11 12:25:57.608,0.9963,0.99665,2.00,2.30
2010.10.11 12:25:57.849,0.9963,0.99665,2.00,7.10
2010.10.11 12:25:58.257,0.99625,0.9966,1.00,1.00
2010.10.11 12:25:58.473,0.9963,0.9966,1.00,1.00
2010.10.11 12:25:59.978,0.9963,0.9966,1.00,1.00
2010.10.11 12:26:00.917,0.99625,0.9966,1.00,1.00
2010.10.11 12:26:01.365,0.9963,0.9966,1.60,1.00
2010.10.11 12:26:01.628,0.9963,0.99665,2.00,2.10
2010.10.11 12:26:02.407,0.9963,0.99665,2.00,2.00
2010.10.11 12:26:03.647,0.9963,0.99665,4.40,2.00
2010.10.11 12:26:03.847,0.9963,0.99665,4.60,1.60
2010.10.11 12:26:04.047,0.9963,0.99665,4.40,1.60
2010.10.11 12:26:04.249,0.9963,0.99665,2.80,1.70
2010.10.11 12:26:04.566,0.99625,0.99665,6.30,1.70
2010.10.11 12:26:04.863,0.9963,0.9966,1.00,1.00
2010.10.11 12:26:06.648,0.99625,0.9966,3.80,1.00
2010.10.11 12:26:06.892,0.9963,0.9966,4.40,1.00
2010.10.11 12:26:07.010,0.9963,0.99665,6.50,1.70
2010.10.11 12:26:07.128,0.9963,0.99665,1.70,4.10
2010.10.11 12:26:07.367,0.9963,0.99665,1.00,4.10
2010.10.11 12:26:07.868,0.9963,0.99665,1.00,2.50
2010.10.11 12:26:08.800,0.9963,0.99665,1.60,2.40
2010.10.11 12:26:09.142,0.9964,0.99665,2.00,1.00
2010.10.11 12:26:09.481,0.99635,0.9967,1.00,1.00
2010.10.11 12:26:10.309,0.99635,0.9967,1.00,1.00
2010.10.11 12:26:10.649,0.99635,0.9967,1.00,2.80
2010.10.11 12:26:11.221,0.99635,0.9967,1.00,2.90
2010.10.11 12:26:11.562,0.9963,0.99665,1.00,1.00
2010.10.11 12:26:11.901,0.9963,0.99665,2.50,1.00
2010.10.11 12:26:13.758,0.9963,0.9967,4.90,1.00
2010.10.11 12:26:14.090,0.99635,0.9967,1.00,1.00
2010.10.11 12:26:14.570,0.9963,0.9967,4.90,1.00
2010.10.11 12:26:14.730,0.9963,0.99665,2.60,1.00
2010.10.11 12:26:15.022,0.9963,0.99665,5.00,1.00
2010.10.11 12:26:15.184,0.9963,0.99665,4.80,1.00
2010.10.11 12:26:15.531,0.9963,0.99665,2.40,2.00
2010.10.11 12:26:15.868,0.9963,0.99665,1.00,2.00
2010.10.11 12:26:16.616,0.9963,0.99665,1.00,2.00
2010.10.11 12:26:16.872,0.99625,0.9966,6.50,1.00
2010.10.11 12:26:17.742,0.99625,0.99665,6.70,2.10
2010.10.11 12:26:17.919,0.9963,0.99665,2.00,2.10
2010.10.11 12:26:18.420,0.9963,0.99665,2.10,2.10
2010.10.11 12:26:18.664,0.9963,0.99665,2.00,2.00
2010.10.11 12:26:18.906,0.9963,0.99665,1.00,2.00
2010.10.11 12:26:19.142,0.9963,0.99665,1.70,2.10
2010.10.11 12:26:19.380,0.9963,0.99665,1.00,2.10
2010.10.11 12:26:19.791,0.99635,0.99665,1.00,1.00
2010.10.11 12:26:20.453,0.99635,0.99675,6.80,1.60
2010.10.11 12:26:20.780,0.99635,0.9967,6.40,1.00
2010.10.11 12:26:22.331,0.99635,0.99665,6.40,1.00
2010.10.11 12:26:22.671,0.9964,0.9967,2.00,1.00
2010.10.11 12:26:22.889,0.9964,0.99675,2.00,2.00
2010.10.11 12:26:23.108,0.9964,0.99675,1.00,2.00
2010.10.11 12:26:23.551,0.9964,0.99675,2.00,2.10
2010.10.11 12:26:23.770,0.9964,0.9967,1.00,1.00
2010.10.11 12:26:24.069,0.99635,0.99675,6.40,2.00
2010.10.11 12:26:24.370,0.9964,0.9967,2.00,1.00
2010.10.11 12:26:24.738,0.9964,0.99675,2.00,2.00
2010.10.11 12:26:25.045,0.9964,0.9967,2.00,1.00
2010.10.11 12:26:25.393,0.9964,0.99675,2.00,2.00
2010.10.11 12:26:25.740,0.9964,0.99675,1.00,2.00
2010.10.11 12:26:26.079,0.9964,0.9967,1.00,1.00
2010.10.11 12:26:35.447,0.99635,0.99665,6.80,1.00
2010.10.11 12:26:36.059,0.99635,0.99665,2.00,1.00
2010.10.11 12:26:38.278,0.9964,0.9967,1.00,1.60
2010.10.11 12:26:38.743,0.9964,0.9967,1.00,1.00
2010.10.11 12:26:42.367,0.9964,0.9967,1.00,1.60
2010.10.11 12:26:42.669,0.99635,0.99665,4.50,1.00
2010.10.11 12:26:43.396,0.99635,0.99665,6.90,1.00
2010.10.11 12:26:43.741,0.99635,0.99665,6.50,1.00
2010.10.11 12:26:44.422,0.9964,0.99675,2.10,2.10
2010.10.11 12:26:44.761,0.9964,0.9967,1.00,1.00
2010.10.11 12:26:45.103,0.99645,0.99675,1.00,1.00
2010.10.11 12:26:45.584,0.99645,0.99675,1.00,1.00
2010.10.11 12:26:45.933,0.9964,0.99675,1.00,2.00
2010.10.11 12:26:46.548,0.9964,0.99675,1.00,2.00
2010.10.11 12:26:47.397,0.9964,0.99675,1.00,2.00
2010.10.11 12:26:47.989,0.99635,0.9967,6.50,1.70
2010.10.11 12:26:48.099,0.99635,0.9967,4.00,1.00
2010.10.11 12:26:48.208,0.99635,0.9967,6.40,1.00
2010.10.11 12:26:48.851,0.99635,0.9967,1.60,1.00
2010.10.11 12:26:49.190,0.9964,0.99675,1.00,6.80
2010.10.11 12:26:49.532,0.99635,0.99665,6.50,1.00
2010.10.11 12:26:51.459,0.9964,0.9967,1.00,1.00
2010.10.11 12:26:52.068,0.99635,0.99665,6.50,1.00
2010.10.11 12:26:52.597,0.99635,0.99665,1.70,1.00
2010.10.11 12:26:52.898,0.99635,0.99665,4.10,1.00
2010.10.11 12:26:53.157,0.99635,0.99665,6.50,1.00
2010.10.11 12:26:54.200,0.99635,0.99665,1.70,1.00
2010.10.11 12:26:55.299,0.9964,0.9967,1.00,1.60
2010.10.11 12:26:55.896,0.9964,0.9967,4.80,1.00
2010.10.11 12:26:56.184,0.9964,0.99665,1.60,1.00
2010.10.11 12:26:56.472,0.99635,0.99675,7.00,1.00
2010.10.11 12:26:57.352,0.9964,0.9968,1.00,5.30
2010.10.11 12:26:57.657,0.9964,0.9968,2.50,2.90
2010.10.11 12:26:57.969,0.9964,0.9968,2.50,1.00
2010.10.11 12:26:58.278,0.9964,0.9968,2.50,2.90
2010.10.11 12:26:58.749,0.9964,0.9967,2.40,1.00
2010.10.11 12:27:00.677,0.9964,0.9967,2.40,1.00
2010.10.11 12:27:00.939,0.99635,0.9967,6.90,1.00
2010.10.11 12:27:02.938,0.99635,0.99665,6.80,1.00
2010.10.11 12:27:03.415,0.99635,0.99665,5.20,1.00
2010.10.11 12:27:03.679,0.99635,0.99675,5.50,1.00
2010.10.11 12:27:03.946,0.99635,0.99675,6.30,1.00
2010.10.11 12:27:04.209,0.99645,0.99675,1.00,1.00
2010.10.11 12:27:04.470,0.99645,0.99675,3.00,1.00
2010.10.11 12:27:05.148,0.99645,0.9967,3.00,1.00
2010.10.11 12:27:05.743,0.99645,0.9967,2.80,1.00
2010.10.11 12:27:08.019,0.99645,0.99675,1.00,1.00
2010.10.11 12:27:08.479,0.99645,0.99675,1.00,1.00
2010.10.11 12:27:10.831,0.99655,0.9968,1.00,1.00
2010.10.11 12:27:12.290,0.99655,0.9968,1.00,1.00
2010.10.11 12:27:13.280,0.99655,0.99685,1.00,1.00
2010.10.11 12:27:13.557,0.99655,0.9968,1.00,1.00
2010.10.11 12:27:13.913,0.9965,0.99675,6.80,1.00
2010.10.11 12:27:13.990,0.99645,0.99675,4.30,1.00
2010.10.11 12:27:14.051,0.9965,0.9968,1.00,4.00
2010.10.11 12:27:14.108,0.9965,0.99685,4.40,4.50
2010.10.11 12:27:14.660,0.99655,0.99685,1.00,1.00
2010.10.11 12:27:14.792,0.9965,0.99685,6.80,1.00
2010.10.11 12:27:15.133,0.9965,0.99685,4.40,2.10
2010.10.11 12:27:16.030,0.9965,0.9968,4.60,1.00
2010.10.11 12:27:16.368,0.99655,0.99685,1.00,1.00
2010.10.11 12:27:18.294,0.99655,0.99685,1.00,1.00
2010.10.11 12:27:19.718,0.99655,0.9968,1.00,1.00
2010.10.11 12:27:22.232,0.99655,0.9968,1.00,1.00
2010.10.11 12:27:22.496,0.99635,0.9967,2.40,6.40
2010.10.11 12:27:22.712,0.99635,0.9967,1.60,1.60
2010.10.11 12:27:23.002,0.99635,0.99665,1.60,4.80
2010.10.11 12:27:23.227,0.99635,0.9966,1.00,1.60
2010.10.11 12:27:23.442,0.99635,0.99665,1.00,1.00
2010.10.11 12:27:23.782,0.99635,0.9967,1.00,6.80
2010.10.11 12:27:24.125,0.99645,0.9967,4.80,2.00
2010.10.11 12:27:24.473,0.9964,0.9967,6.40,1.00
2010.10.11 12:27:24.820,0.99645,0.99675,1.00,1.60
2010.10.11 12:27:25.160,0.9965,0.99685,4.80,2.00
2010.10.11 12:27:25.500,0.99655,0.99685,2.40,2.00
2010.10.11 12:27:25.779,0.99655,0.99685,4.80,2.00
2010.10.11 12:27:26.059,0.99655,0.99685,2.40,2.00
2010.10.11 12:27:26.619,0.99655,0.99685,2.40,2.00
2010.10.11 12:27:26.850,0.99655,0.99685,4.80,2.00
2010.10.11 12:27:27.114,0.99655,0.9969,4.80,1.00
2010.10.11 12:27:27.358,0.99655,0.99685,2.40,2.00
2010.10.11 12:27:27.590,0.99655,0.99685,4.80,1.60
2010.10.11 12:27:27.858,0.99655,0.9969,4.80,1.00
2010.10.11 12:27:30.039,0.99655,0.9969,2.40,1.00
2010.10.11 12:27:30.459,0.99655,0.99685,2.40,1.00
2010.10.11 12:27:30.693,0.9965,0.99685,4.80,2.00
2010.10.11 12:27:31.603,0.9965,0.99685,5.20,2.00
2010.10.11 12:27:31.955,0.99645,0.9968,5.60,1.00
2010.10.11 12:27:32.303,0.99645,0.9968,4.80,1.00
2010.10.11 12:27:32.831,0.9965,0.9968,2.40,4.40
2010.10.11 12:27:33.041,0.9964,0.99675,1.00,2.20
2010.10.11 12:27:33.251,0.99635,0.9967,4.40,1.00
2010.10.11 12:27:33.460,0.9963,0.9967,1.00,5.40
2010.10.11 12:27:33.708,0.9963,0.9967,1.00,7.80
2010.10.11 12:27:33.911,0.99635,0.9967,1.00,3.00
2010.10.11 12:27:34.250,0.99635,0.9966,1.00,1.00
2010.10.11 12:27:34.591,0.9963,0.99665,1.00,2.40
2010.10.11 12:27:34.932,0.9963,0.9966,1.00,1.00
2010.10.11 12:27:35.269,0.9963,0.9967,2.70,1.00
2010.10.11 12:27:35.614,0.99635,0.9967,5.20,1.00
2010.10.11 12:27:35.962,0.99635,0.99665,1.00,1.00
2010.10.11 12:27:36.282,0.99635,0.9967,4.40,1.00
2010.10.11 12:27:36.599,0.99635,0.9967,6.80,1.00
2010.10.11 12:27:37.447,0.99635,0.9967,4.40,1.00
2010.10.11 12:27:37.698,0.99635,0.9967,2.80,1.00
2010.10.11 12:27:38.198,0.99635,0.9967,2.80,1.00
2010.10.11 12:27:38.458,0.99635,0.99665,1.00,2.00
2010.10.11 12:27:38.718,0.99635,0.99665,1.00,1.00
2010.10.11 12:27:38.979,0.9963,0.99665,6.90,1.00
2010.10.11 12:27:39.512,0.99635,0.99665,1.00,1.00
2010.10.11 12:27:40.418,0.9963,0.99665,6.90,1.00
2010.10.11 12:27:40.765,0.99625,0.9966,4.80,1.00
2010.10.11 12:27:41.111,0.99625,0.9966,1.00,1.00
2010.10.11 12:27:41.410,0.99625,0.99655,1.00,1.60
2010.10.11 12:27:41.709,0.9962,0.9965,1.00,1.00
2010.10.11 12:27:42.299,0.9962,0.99655,6.80,1.00
2010.10.11 12:27:42.559,0.9962,0.99655,9.20,1.00
2010.10.11 12:27:43.072,0.99625,0.99655,1.00,1.00
2010.10.11 12:27:43.816,0.99625,0.99655,1.00,2.00
2010.10.11 12:27:44.102,0.9962,0.9965,1.00,1.00
2010.10.11 12:27:44.380,0.9962,0.9965,1.00,4.40
2010.10.11 12:27:44.721,0.99615,0.9964,1.00,1.00
2010.10.11 12:27:45.063,0.99615,0.9965,1.00,1.00
2010.10.11 12:27:45.398,0.99615,0.9965,6.90,1.00
2010.10.11 12:27:45.741,0.9962,0.9965,1.00,1.00
2010.10.11 12:27:46.079,0.9962,0.99655,1.00,2.10
2010.10.11 12:27:46.874,0.9962,0.99655,1.00,2.00
2010.10.11 12:27:49.441,0.99625,0.99655,1.00,1.60
2010.10.11 12:27:49.778,0.99625,0.9966,1.00,1.00
2010.10.11 12:27:50.119,0.9962,0.99655,2.40,1.00
2010.10.11 12:27:52.808,0.9962,0.99655,1.00,1.00
2010.10.11 12:27:53.247,0.99625,0.99655,1.00,1.00
2010.10.11 12:27:53.532,0.99625,0.9966,1.00,5.30
2010.10.11 12:27:54.324,0.9963,0.9966,1.00,5.20
2010.10.11 12:27:56.330,0.99625,0.99655,1.00,1.00
2010.10.11 12:27:56.760,0.9963,0.9966,1.00,5.20
2010.10.11 12:27:57.096,0.99625,0.99655,1.00,1.00
2010.10.11 12:27:57.392,0.9963,0.9966,1.00,5.20
2010.10.11 12:27:57.968,0.9963,0.9966,1.00,1.00
2010.10.11 12:27:58.991,0.99625,0.9966,1.00,1.00
2010.10.11 12:27:59.329,0.99625,0.9966,1.00,5.30
2010.10.11 12:28:00.384,0.9963,0.9966,1.00,5.20
2010.10.11 12:28:01.309,0.99625,0.9966,1.00,5.30
2010.10.11 12:28:01.909,0.9963,0.9966,1.00,5.20
2010.10.11 12:28:03.820,0.99625,0.9966,1.00,5.20
2010.10.11 12:28:04.277,0.99625,0.99655,1.00,2.00
2010.10.11 12:28:05.127,0.99625,0.99655,1.00,4.40
2010.10.11 12:28:05.879,0.9962,0.99655,1.00,2.00
2010.10.11 12:28:07.343,0.99625,0.99655,1.00,2.00
2010.10.11 12:28:09.102,0.99625,0.99655,1.00,2.00
2010.10.11 12:28:17.011,0.9962,0.99655,1.00,2.10
2010.10.11 12:28:17.481,0.99615,0.99655,5.50,2.10
2010.10.11 12:28:17.740,0.9962,0.99655,5.20,2.10
2010.10.11 12:28:18.001,0.9962,0.99655,6.80,2.10
2010.10.11 12:28:18.261,0.9962,0.99655,6.90,2.10
2010.10.11 12:28:18.841,0.9962,0.99655,6.80,2.10
2010.10.11 12:28:19.615,0.99625,0.99655,1.00,2.00
2010.10.11 12:28:19.963,0.99625,0.99655,1.00,2.00
2010.10.11 12:28:20.302,0.9962,0.99655,1.00,2.10
2010.10.11 12:28:21.918,0.9962,0.99655,1.00,2.00
2010.10.11 12:28:22.061,0.9962,0.99655,1.00,1.60
2010.10.11 12:28:22.198,0.9962,0.9966,1.00,5.70
2010.10.11 12:28:22.861,0.99625,0.9965,1.00,4.00
2010.10.11 12:28:23.150,0.99625,0.99655,1.00,2.00
2010.10.11 12:28:23.936,0.9962,0.9965,1.00,1.00
2010.10.11 12:28:23.971,0.9962,0.9965,1.00,4.40
2010.10.11 12:28:24.461,0.9962,0.9965,1.00,1.00
2010.10.11 12:28:26.078,0.99625,0.99655,1.00,2.00
2010.10.11 12:28:26.888,0.9962,0.9965,1.00,1.00
2010.10.11 12:28:27.568,0.99625,0.99655,1.00,2.00
2010.10.11 12:28:27.908,0.9962,0.99655,1.00,2.00
2010.10.11 12:28:28.048,0.9962,0.9965,1.00,1.00
2010.10.11 12:28:28.188,0.9962,0.9965,1.00,4.40
2010.10.11 12:28:31.640,0.99625,0.99655,1.00,2.00
2010.10.11 12:28:32.088,0.9962,0.99655,1.00,2.10
2010.10.11 12:28:33.013,0.9962,0.9965,1.00,1.00
2010.10.11 12:28:37.698,0.99615,0.99655,7.10,1.00
2010.10.11 12:28:37.798,0.99615,0.99655,7.10,1.00
2010.10.11 12:28:37.905,0.99615,0.99655,6.80,1.00
2010.10.11 12:28:38.012,0.9962,0.99655,1.00,1.00
2010.10.11 12:28:38.272,0.9962,0.99655,1.00,2.00
2010.10.11 12:28:38.529,0.9962,0.9966,1.00,5.20
2010.10.11 12:28:38.800,0.9962,0.9966,1.00,6.80
2010.10.11 12:28:39.499,0.9962,0.9966,1.00,5.20
2010.10.11 12:28:41.620,0.99615,0.99655,7.00,1.00
2010.10.11 12:28:47.765,0.9962,0.9966,1.00,7.00
2010.10.11 12:28:47.908,0.99615,0.9966,4.90,7.10
2010.10.11 12:28:48.391,0.99615,0.99655,4.80,1.00
2010.10.11 12:28:49.360,0.99615,0.9966,4.80,7.00
2010.10.11 12:28:49.940,0.99615,0.9965,2.40,2.40
2010.10.11 12:28:50.232,0.99615,0.99655,2.40,2.70
2010.10.11 12:28:50.450,0.9961,0.9965,5.30,1.00
2010.10.11 12:28:51.056,0.9962,0.99655,2.40,6.90
2010.10.11 12:28:51.275,0.9962,0.9965,2.90,4.00
2010.10.11 12:28:51.621,0.99615,0.99645,1.00,1.00
2010.10.11 12:28:51.962,0.9962,0.99655,1.00,4.80
2010.10.11 12:28:52.303,0.9962,0.99655,1.00,1.60
2010.10.11 12:28:52.640,0.9962,0.99655,1.00,4.80
2010.10.11 12:28:53.115,0.9962,0.9966,1.00,5.40
2010.10.11 12:28:53.465,0.9962,0.99655,1.00,6.80
2010.10.11 12:28:53.784,0.99615,0.99655,4.80,1.00
2010.10.11 12:28:54.648,0.99615,0.99655,2.40,2.50
2010.10.11 12:28:55.659,0.9961,0.99655,5.20,4.80
2010.10.11 12:28:56.337,0.99615,0.99655,1.00,4.90
2010.10.11 12:28:57.319,0.99615,0.9965,1.00,1.00
2010.10.11 12:28:57.808,0.99615,0.9965,2.40,1.00
2010.10.11 12:28:58.210,0.99615,0.9965,1.00,1.00
2010.10.11 12:28:58.523,0.99615,0.9965,1.00,1.00
2010.10.11 12:28:58.830,0.99615,0.9965,2.50,1.00
2010.10.11 12:29:04.491,0.9962,0.99655,1.00,2.50
2010.10.11 12:29:09.667,0.99615,0.9965,2.50,1.00
2010.10.11 12:29:10.269,0.9962,0.99655,1.00,2.50
2010.10.11 12:29:11.958,0.9962,0.99655,1.00,1.00
2010.10.11 12:29:13.412,0.99625,0.99655,1.00,1.00
2010.10.11 12:29:13.936,0.99615,0.9965,1.00,1.00
2010.10.11 12:29:15.517,0.9962,0.9965,1.00,1.00
2010.10.11 12:29:15.708,0.99615,0.9965,1.00,1.00
2010.10.11 12:29:16.178,0.99615,0.99645,1.00,1.00
2010.10.11 12:29:17.889,0.99615,0.9965,1.00,1.00
2010.10.11 12:29:18.100,0.9961,0.99645,4.90,1.60
2010.10.11 12:29:18.309,0.9961,0.99645,1.00,2.00
2010.10.11 12:29:19.302,0.9961,0.9964,1.00,1.00
2010.10.11 12:29:19.449,0.99605,0.9963,4.90,1.00
2010.10.11 12:29:19.598,0.99605,0.9963,1.00,1.00
2010.10.11 12:29:20.101,0.99605,0.9964,2.30,5.20
2010.10.11 12:29:20.126,0.9961,0.99645,4.40,1.70
2010.10.11 12:29:20.362,0.9961,0.99645,4.50,1.60
2010.10.11 12:29:21.598,0.9961,0.9965,4.50,9.30
2010.10.11 12:29:22.378,0.99615,0.9965,1.00,9.30
2010.10.11 12:29:22.798,0.99615,0.9964,1.00,2.40
2010.10.11 12:29:22.910,0.99605,0.99635,1.00,1.60
2010.10.11 12:29:23.019,0.9961,0.99635,1.00,1.60
2010.10.11 12:29:23.129,0.9961,0.9964,1.00,1.00
2010.10.11 12:29:24.408,0.99615,0.99645,1.00,6.80
2010.10.11 12:29:24.879,0.99615,0.99645,1.00,4.00
2010.10.11 12:29:25.031,0.99615,0.99645,1.00,1.00
2010.10.11 12:29:25.179,0.99615,0.99645,1.00,1.00
2010.10.11 12:29:25.991,0.9961,0.99645,1.00,1.00
2010.10.11 12:29:26.319,0.9961,0.99645,1.00,1.00
2010.10.11 12:29:26.428,0.9961,0.99645,1.00,1.00
2010.10.11 12:29:26.778,0.9961,0.99645,1.00,1.00
2010.10.11 12:29:27.193,0.99615,0.99645,1.00,1.00
2010.10.11 12:29:27.638,0.9961,0.99645,1.00,1.00
2010.10.11 12:29:27.979,0.99615,0.9965,1.00,6.90
2010.10.11 12:29:30.109,0.9962,0.9965,1.00,6.80
2010.10.11 12:29:30.893,0.9962,0.9965,1.00,4.40
2010.10.11 12:29:31.229,0.99615,0.99645,1.00,1.00
2010.10.11 12:29:32.648,0.9962,0.9965,1.00,2.00
2010.10.11 12:29:34.328,0.9962,0.9965,1.00,6.80
2010.10.11 12:29:35.729,0.99615,0.99645,1.00,1.00
2010.10.11 12:29:35.989,0.99615,0.99645,1.00,1.00
2010.10.11 12:29:36.311,0.9961,0.99645,1.00,1.00
2010.10.11 12:29:37.508,0.99605,0.9964,6.90,1.00
2010.10.11 12:29:38.338,0.9961,0.99645,1.00,1.00
2010.10.11 12:29:39.977,0.99605,0.99645,2.80,3.00
2010.10.11 12:29:40.162,0.99605,0.9964,1.00,1.00
2010.10.11 12:29:40.549,0.99605,0.9964,1.00,2.00
2010.10.11 12:29:40.740,0.996,0.9964,2.90,2.10
2010.10.11 12:29:42.378,0.99605,0.99635,1.00,1.00
2010.10.11 12:29:44.270,0.9961,0.9964,1.00,2.00
2010.10.11 12:29:44.418,0.9961,0.9964,1.00,6.80
2010.10.11 12:29:44.569,0.99605,0.99635,1.00,1.00
2010.10.11 12:29:46.682,0.9961,0.9964,1.00,6.80
2010.10.11 12:29:47.950,0.99605,0.99635,1.00,1.00
2010.10.11 12:29:51.768,0.9961,0.9964,1.00,6.80
2010.10.11 12:29:51.918,0.9961,0.9964,1.00,2.00
2010.10.11 12:29:52.850,0.99605,0.99635,1.00,1.00
2010.10.11 12:29:53.618,0.99605,0.9964,1.00,2.00
2010.10.11 12:29:53.734,0.9961,0.9964,4.90,1.60
2010.10.11 12:29:53.930,0.99605,0.99635,7.00,1.60
2010.10.11 12:29:54.121,0.9961,0.99645,8.80,1.00
2010.10.11 12:29:54.309,0.99615,0.99645,1.00,1.00
2010.10.11 12:29:54.500,0.99615,0.99645,1.00,1.60
2010.10.11 12:29:54.885,0.99615,0.9965,1.00,4.80
2010.10.11 12:29:55.235,0.9961,0.9965,5.30,1.00
2010.10.11 12:29:55.586,0.99615,0.99655,1.00,4.80
2010.10.11 12:29:55.931,0.99615,0.9966,5.40,5.30
2010.10.11 12:29:56.532,0.99615,0.99655,5.40,1.00
2010.10.11 12:29:57.321,0.99615,0.99655,5.50,1.00
2010.10.11 12:29:57.998,0.9962,0.9966,1.00,5.30
2010.10.11 12:30:01.430,0.99625,0.99655,1.00,1.00
2010.10.11 12:30:03.501,0.99625,0.9966,1.00,1.00
2010.10.11 12:30:03.628,0.99625,0.99655,1.00,1.00
2010.10.11 12:30:03.759,0.9962,0.99655,1.00,6.80
2010.10.11 12:30:04.039,0.9962,0.99655,1.00,6.40
2010.10.11 12:30:04.391,0.99625,0.9966,1.00,4.80
2010.10.11 12:30:05.254,0.9962,0.9966,1.00,4.90
2010.10.11 12:30:06.599,0.9962,0.9966,1.00,4.90
2010.10.11 12:30:09.322,0.99625,0.9967,5.40,7.70
2010.10.11 12:30:09.600,0.99635,0.9967,1.00,4.80
2010.10.11 12:30:09.879,0.99635,0.99675,1.00,6.50
2010.10.11 12:30:10.599,0.99635,0.9967,1.00,1.00
2010.10.11 12:30:11.281,0.9963,0.99665,1.00,2.00
2010.10.11 12:30:11.622,0.9963,0.99665,2.00,4.60
2010.10.11 12:30:11.961,0.9963,0.99665,4.00,2.00
2010.10.11 12:30:12.300,0.9963,0.99665,1.00,2.00
2010.10.11 12:30:12.638,0.99625,0.9966,6.40,1.60
2010.10.11 12:30:13.321,0.99625,0.99665,6.50,2.10
2010.10.11 12:30:14.012,0.99625,0.9966,6.40,1.00
2010.10.11 12:30:14.260,0.99635,0.9966,1.60,1.00
2010.10.11 12:30:14.600,0.99635,0.9967,1.00,1.00
2010.10.11 12:30:14.940,0.99635,0.9967,1.00,1.00
2010.10.11 12:30:15.789,0.99635,0.99675,1.00,4.90
2010.10.11 12:30:17.148,0.99635,0.9967,1.00,1.00
2010.10.11 12:30:17.490,0.9964,0.99675,1.00,4.80
2010.10.11 12:30:18.429,0.99635,0.99675,3.10,2.50
2010.10.11 12:30:19.770,0.99635,0.99675,1.00,4.90
2010.10.11 12:30:19.950,0.99635,0.99675,3.00,2.40
