2012.07.31 18:00:00.838,1.05394,1.05419,1.50,3.63
2012.07.31 18:00:01.096,1.05394,1.05419,1.63,1.50
2012.07.31 18:00:01.596,1.0539,1.05415,2.25,2.73
2012.07.31 18:00:02.154,1.0539,1.05414,2.25,1.38
2012.07.31 18:00:02.658,1.05386,1.05412,2.25,2.28
2012.07.31 18:00:02.879,1.05389,1.05416,2.25,2.13
2012.07.31 18:00:03.099,1.05389,1.05415,2.25,1.23
2012.07.31 18:00:03.267,1.05378,1.05403,2.31,1.50
2012.07.31 18:00:03.435,1.05379,1.05403,1.50,1.53
2012.07.31 18:00:03.622,1.05375,1.054,2.25,1.50
2012.07.31 18:00:03.865,1.05375,1.054,2.25,2.13
2012.07.31 18:00:03.978,1.05375,1.054,2.25,2.13
2012.07.31 18:00:04.091,1.05379,1.05404,2.25,2.43
2012.07.31 18:00:04.625,1.05383,1.05408,1.50,1.80
2012.07.31 18:00:04.792,1.0538,1.05405,2.38,1.50
2012.07.31 18:00:05.942,1.0538,1.05405,1.50,2.13
2012.07.31 18:00:06.076,1.05376,1.05401,2.25,1.50
2012.07.31 18:00:06.899,1.05377,1.05401,2.38,1.50
2012.07.31 18:00:06.958,1.05379,1.05406,1.63,1.50
2012.07.31 18:00:07.072,1.05384,1.05409,1.50,3.48
2012.07.31 18:00:07.892,1.05384,1.05408,1.50,1.38
2012.07.31 18:00:08.137,1.05379,1.05406,1.63,1.50
2012.07.31 18:00:11.545,1.05381,1.05406,1.48,1.50
2012.07.31 18:00:11.659,1.05382,1.05409,2.10,2.88
2012.07.31 18:00:11.718,1.05387,1.05411,1.50,1.23
2012.07.31 18:00:12.050,1.05383,1.0541,1.50,2.13
2012.07.31 18:00:12.216,1.05383,1.0541,1.63,2.25
2012.07.31 18:00:12.436,1.05383,1.0541,1.63,2.25
2012.07.31 18:00:13.656,1.05379,1.05406,1.63,2.10
2012.07.31 18:00:13.715,1.05379,1.05405,1.50,1.23
2012.07.31 18:00:13.881,1.05379,1.05405,1.50,1.23
2012.07.31 18:00:14.065,1.05377,1.05402,1.50,2.13
2012.07.31 18:00:14.588,1.05375,1.05402,2.25,2.13
2012.07.31 18:00:15.123,1.05375,1.05402,1.63,2.13
2012.07.31 18:00:17.066,1.05375,1.05402,2.38,2.13
2012.07.31 18:00:17.610,1.05375,1.05402,2.25,2.13
2012.07.31 18:00:18.165,1.05375,1.05402,1.50,2.13
2012.07.31 18:00:18.503,1.05375,1.05402,2.38,1.50
2012.07.31 18:00:19.249,1.0538,1.05404,1.50,2.13
2012.07.31 18:00:21.756,1.0538,1.05405,1.50,2.73
2012.07.31 18:00:22.401,1.0538,1.05405,1.50,2.73
2012.07.31 18:00:22.576,1.05376,1.05401,1.50,2.13
2012.07.31 18:00:24.338,1.05376,1.05401,2.25,2.13
2012.07.31 18:00:24.663,1.05376,1.05401,2.38,1.50
2012.07.31 18:00:24.723,1.05379,1.05405,2.25,1.23
2012.07.31 18:00:24.782,1.05379,1.05406,2.38,1.50
2012.07.31 18:00:24.842,1.05386,1.05411,1.50,3.48
2012.07.31 18:00:25.169,1.05386,1.05411,1.50,3.48
2012.07.31 18:00:25.282,1.05386,1.05411,1.50,1.50
2012.07.31 18:00:25.395,1.05386,1.05411,1.50,2.13
2012.07.31 18:00:25.845,1.05381,1.05408,2.38,1.50
2012.07.31 18:00:26.164,1.05381,1.05408,2.25,2.13
2012.07.31 18:00:26.493,1.05385,1.0541,1.63,1.50
2012.07.31 18:00:26.862,1.05389,1.05414,1.50,2.88
2012.07.31 18:00:27.297,1.05389,1.05413,1.50,1.38
2012.07.31 18:00:27.356,1.05387,1.05411,1.50,2.13
2012.07.31 18:00:27.416,1.05384,1.05411,1.50,2.13
2012.07.31 18:00:28.262,1.05384,1.05411,1.63,1.50
2012.07.31 18:00:28.643,1.05384,1.05411,1.63,2.25
2012.07.31 18:00:28.969,1.05381,1.05406,1.63,1.50
2012.07.31 18:00:30.235,1.05381,1.05406,1.50,2.13
2012.07.31 18:00:31.191,1.05381,1.05406,1.50,2.13
2012.07.31 18:00:31.616,1.05376,1.05403,2.25,2.13
2012.07.31 18:00:34.787,1.05376,1.05403,1.50,2.88
2012.07.31 18:00:35.360,1.05376,1.05403,1.50,2.13
2012.07.31 18:00:35.473,1.05376,1.05403,1.63,1.50
2012.07.31 18:00:35.532,1.05376,1.054,1.63,1.50
2012.07.31 18:00:35.754,1.05375,1.05402,2.38,1.50
2012.07.31 18:00:36.027,1.05375,1.05402,2.38,1.50
2012.07.31 18:00:37.315,1.05375,1.05402,2.25,2.13
2012.07.31 18:00:37.922,1.05375,1.05402,1.50,2.13
2012.07.31 18:00:39.152,1.05375,1.05402,2.25,2.13
2012.07.31 18:00:39.792,1.05375,1.05402,2.38,2.13
2012.07.31 18:00:40.299,1.05376,1.05403,1.50,2.13
2012.07.31 18:00:41.540,1.05376,1.05403,1.50,2.13
2012.07.31 18:00:41.898,1.05385,1.05408,1.50,1.38
2012.07.31 18:00:42.121,1.05381,1.05408,1.50,2.88
2012.07.31 18:00:42.578,1.05381,1.05405,1.50,1.23
2012.07.31 18:00:42.637,1.05381,1.05405,1.50,1.23
2012.07.31 18:00:42.912,1.05378,1.05403,1.50,2.88
2012.07.31 18:00:43.078,1.05378,1.05403,1.50,2.88
2012.07.31 18:00:43.207,1.05378,1.05403,1.50,2.88
2012.07.31 18:00:43.368,1.05378,1.05403,1.50,2.88
2012.07.31 18:00:43.726,1.05378,1.05403,1.50,2.88
2012.07.31 18:00:43.891,1.05382,1.05403,1.50,1.38
2012.07.31 18:00:44.208,1.05386,1.05409,1.50,1.38
2012.07.31 18:00:44.466,1.05383,1.05407,1.50,2.13
2012.07.31 18:00:45.140,1.05383,1.05407,1.50,2.13
2012.07.31 18:00:46.485,1.05383,1.05407,1.50,1.50
2012.07.31 18:00:46.929,1.05383,1.05407,1.50,2.13
2012.07.31 18:00:48.831,1.05383,1.05407,1.50,1.50
2012.07.31 18:00:49.002,1.05386,1.05409,1.50,1.38
2012.07.31 18:00:49.510,1.05382,1.05408,1.50,2.13
2012.07.31 18:00:51.844,1.05382,1.05408,1.63,2.13
2012.07.31 18:00:53.707,1.05384,1.05411,1.50,2.13
2012.07.31 18:00:54.320,1.05382,1.05408,1.63,2.13
2012.07.31 18:00:55.302,1.05382,1.05408,1.50,2.73
2012.07.31 18:00:57.062,1.05382,1.05408,1.50,2.73
2012.07.31 18:00:59.427,1.05382,1.05408,1.63,2.73
2012.07.31 18:00:59.647,1.05386,1.0541,1.50,2.13
2012.07.31 18:00:59.893,1.05386,1.0541,1.50,2.13
2012.07.31 18:01:00.381,1.05386,1.0541,1.63,1.50
2012.07.31 18:01:11.323,1.05386,1.0541,2.25,1.50
2012.07.31 18:01:11.437,1.05389,1.05415,1.50,2.13
2012.07.31 18:01:11.769,1.05387,1.05413,1.50,2.88
2012.07.31 18:01:12.116,1.05387,1.05413,1.63,2.25
2012.07.31 18:01:12.389,1.05391,1.05414,1.50,1.38
2012.07.31 18:01:12.894,1.0539,1.05413,1.50,1.50
2012.07.31 18:01:13.315,1.05393,1.05416,1.50,2.13
2012.07.31 18:01:13.374,1.05389,1.05414,1.50,2.13
2012.07.31 18:01:15.626,1.05389,1.05414,1.50,2.88
2012.07.31 18:01:16.243,1.05389,1.05414,1.50,2.13
2012.07.31 18:01:19.995,1.05393,1.05416,1.50,2.13
2012.07.31 18:01:21.642,1.05393,1.05418,1.50,2.13
2012.07.31 18:01:22.193,1.05393,1.05418,1.50,1.50
2012.07.31 18:01:27.573,1.05397,1.05419,1.50,1.38
2012.07.31 18:01:28.037,1.05392,1.05417,1.63,1.50
2012.07.31 18:01:28.097,1.05392,1.05417,1.50,2.13
2012.07.31 18:01:28.736,1.05392,1.05417,2.38,1.50
2012.07.31 18:01:31.812,1.05392,1.05417,1.50,1.50
2012.07.31 18:01:35.687,1.0539,1.05415,1.63,1.50
2012.07.31 18:01:35.853,1.05388,1.05414,1.63,1.38
2012.07.31 18:01:36.381,1.05388,1.05415,1.63,2.13
2012.07.31 18:01:36.493,1.05388,1.05415,1.63,1.50
2012.07.31 18:01:37.039,1.05392,1.05419,1.63,3.48
2012.07.31 18:01:38.361,1.05392,1.05417,1.63,1.38
2012.07.31 18:01:38.636,1.05391,1.05418,1.50,2.13
2012.07.31 18:01:39.029,1.05388,1.05413,1.50,1.50
2012.07.31 18:01:39.249,1.05384,1.05411,2.38,1.50
2012.07.31 18:01:39.563,1.05387,1.05414,1.63,2.25
2012.07.31 18:01:40.922,1.05387,1.05414,1.63,2.25
2012.07.31 18:01:41.302,1.05386,1.05411,1.63,1.50
2012.07.31 18:01:42.063,1.05384,1.05411,1.63,1.50
2012.07.31 18:01:42.348,1.05388,1.05413,1.63,1.50
2012.07.31 18:01:42.883,1.05388,1.05415,1.63,2.25
2012.07.31 18:01:47.512,1.05388,1.05415,1.63,1.50
2012.07.31 18:01:47.570,1.05392,1.05417,1.50,2.13
2012.07.31 18:01:50.571,1.05392,1.05417,1.50,1.38
2012.07.31 18:01:51.892,1.05389,1.05414,1.63,2.25
2012.07.31 18:01:52.411,1.05389,1.05414,1.63,1.50
2012.07.31 18:01:53.001,1.05389,1.05414,1.63,1.50
2012.07.31 18:01:53.107,1.05387,1.0541,1.63,1.50
2012.07.31 18:01:53.998,1.05388,1.05415,1.63,2.25
2012.07.31 18:01:54.469,1.05388,1.05415,1.63,1.50
2012.07.31 18:01:55.527,1.05393,1.05418,1.50,2.88
2012.07.31 18:01:56.568,1.05393,1.05418,1.63,1.50
2012.07.31 18:01:56.627,1.05396,1.0542,1.63,1.50
2012.07.31 18:01:57.171,1.05396,1.05421,1.63,1.38
2012.07.31 18:02:00.009,1.05393,1.05418,1.63,1.50
2012.07.31 18:02:00.068,1.05393,1.05418,1.50,1.50
2012.07.31 18:02:05.617,1.05389,1.05416,2.38,1.50
2012.07.31 18:02:06.169,1.05393,1.05419,1.50,1.38
2012.07.31 18:02:07.000,1.05393,1.0542,1.63,1.50
2012.07.31 18:02:07.404,1.05397,1.05424,1.50,2.88
2012.07.31 18:02:09.600,1.05397,1.05424,1.50,2.88
2012.07.31 18:02:09.881,1.05394,1.05419,1.50,2.13
2012.07.31 18:02:11.497,1.05394,1.05417,1.50,1.50
2012.07.31 18:02:11.557,1.05391,1.05415,1.63,1.50
2012.07.31 18:02:11.686,1.05391,1.05415,1.63,1.50
2012.07.31 18:02:11.934,1.05391,1.05415,1.50,2.13
2012.07.31 18:02:16.613,1.05391,1.05415,1.50,2.25
2012.07.31 18:02:17.384,1.05391,1.05415,1.50,1.50
2012.07.31 18:02:17.820,1.05391,1.05415,1.50,2.25
2012.07.31 18:02:18.043,1.05391,1.05415,1.50,1.50
2012.07.31 18:02:21.489,1.05391,1.05415,1.50,2.13
2012.07.31 18:02:22.903,1.05391,1.05412,1.50,2.18
2012.07.31 18:02:24.022,1.05391,1.05415,1.63,1.50
2012.07.31 18:02:24.081,1.05394,1.05417,1.50,2.10
2012.07.31 18:02:24.605,1.05394,1.05421,1.50,2.13
2012.07.31 18:02:26.612,1.05398,1.05423,1.50,3.03
2012.07.31 18:02:26.725,1.05398,1.05423,1.50,2.80
2012.07.31 18:02:27.310,1.05398,1.05423,1.63,2.18
2012.07.31 18:02:27.735,1.05402,1.05427,1.50,1.23
2012.07.31 18:02:28.065,1.05402,1.05426,1.50,1.38
2012.07.31 18:02:31.829,1.054,1.05425,1.50,2.25
2012.07.31 18:02:32.366,1.054,1.05422,1.50,2.18
2012.07.31 18:02:33.900,1.054,1.05423,1.50,2.80
2012.07.31 18:02:33.960,1.054,1.05423,1.50,2.80
2012.07.31 18:02:34.341,1.05395,1.05418,1.50,1.38
2012.07.31 18:02:34.666,1.05395,1.05422,1.50,2.13
2012.07.31 18:02:35.112,1.05395,1.05422,1.63,2.25
2012.07.31 18:02:35.553,1.05393,1.05419,1.63,2.88
2012.07.31 18:02:38.080,1.05393,1.05419,1.63,2.13
2012.07.31 18:02:38.247,1.05395,1.0542,1.63,1.50
2012.07.31 18:02:38.306,1.05395,1.05422,1.63,2.13
2012.07.31 18:02:39.064,1.05398,1.05424,1.63,1.98
2012.07.31 18:02:39.356,1.05396,1.05421,1.63,1.50
2012.07.31 18:02:39.890,1.05394,1.05421,1.63,1.50
2012.07.31 18:02:40.533,1.05394,1.05421,1.63,1.50
2012.07.31 18:02:42.284,1.05394,1.05421,1.63,2.13
2012.07.31 18:02:42.881,1.05394,1.05421,1.63,1.50
2012.07.31 18:02:47.649,1.05398,1.05423,1.50,1.38
2012.07.31 18:02:51.003,1.05398,1.05425,1.63,2.25
2012.07.31 18:02:51.062,1.05398,1.05425,1.63,1.50
2012.07.31 18:02:51.227,1.05398,1.05425,1.63,1.50
2012.07.31 18:02:51.556,1.05404,1.05431,1.63,2.88
2012.07.31 18:02:51.886,1.05404,1.05431,1.63,2.25
2012.07.31 18:02:52.053,1.05404,1.05431,1.63,1.50
2012.07.31 18:02:52.380,1.05404,1.05431,1.63,2.25
2012.07.31 18:02:52.439,1.05404,1.0543,1.63,1.38
2012.07.31 18:02:52.739,1.05404,1.05431,1.63,1.50
2012.07.31 18:02:54.581,1.05404,1.05431,1.63,2.25
2012.07.31 18:02:54.640,1.05404,1.05429,1.50,1.38
2012.07.31 18:02:57.060,1.05401,1.05426,1.63,1.50
2012.07.31 18:03:00.163,1.05405,1.05428,1.50,2.25
2012.07.31 18:03:00.950,1.05403,1.05426,1.50,1.50
2012.07.31 18:03:01.554,1.05401,1.05426,1.63,1.50
2012.07.31 18:03:02.251,1.05404,1.05429,1.50,2.88
2012.07.31 18:03:05.000,1.05403,1.05428,3.00,2.25
2012.07.31 18:03:05.350,1.05401,1.05425,1.50,2.13
2012.07.31 18:03:05.410,1.05398,1.05425,1.63,2.13
2012.07.31 18:03:05.901,1.05398,1.05425,2.38,1.50
2012.07.31 18:03:06.015,1.05398,1.05425,1.63,1.50
2012.07.31 18:03:06.182,1.05402,1.05426,1.50,1.50
2012.07.31 18:03:06.515,1.05405,1.05428,1.50,1.38
2012.07.31 18:03:06.574,1.05405,1.05428,1.50,1.38
2012.07.31 18:03:06.688,1.05409,1.05433,1.50,1.38
2012.07.31 18:03:06.913,1.05409,1.05433,1.50,1.38
2012.07.31 18:03:06.973,1.05409,1.05433,1.50,1.38
2012.07.31 18:03:07.500,1.05409,1.05434,1.50,2.88
2012.07.31 18:03:08.069,1.05405,1.0543,1.63,1.50
2012.07.31 18:03:08.836,1.05405,1.0543,1.50,2.13
2012.07.31 18:03:09.390,1.05405,1.0543,1.63,1.50
2012.07.31 18:03:09.620,1.05408,1.05432,1.50,2.13
2012.07.31 18:03:12.399,1.05406,1.05431,1.63,2.13
2012.07.31 18:03:13.130,1.05404,1.05431,1.50,2.13
2012.07.31 18:03:13.837,1.05404,1.05429,1.50,1.38
2012.07.31 18:03:18.583,1.054,1.05427,1.63,1.50
2012.07.31 18:03:18.949,1.05405,1.05428,1.50,1.38
2012.07.31 18:03:21.194,1.05401,1.05426,1.63,1.50
2012.07.31 18:03:21.309,1.05397,1.05422,2.38,1.50
2012.07.31 18:03:21.546,1.05397,1.05422,2.38,3.68
2012.07.31 18:03:22.049,1.05397,1.05422,2.25,3.68
2012.07.31 18:03:22.551,1.05399,1.05425,1.50,1.50
2012.07.31 18:03:22.663,1.05399,1.05425,1.50,2.25
2012.07.31 18:03:22.979,1.05399,1.05426,1.63,1.50
2012.07.31 18:03:23.611,1.05399,1.05426,1.63,2.25
2012.07.31 18:03:24.487,1.05399,1.05424,1.50,1.38
2012.07.31 18:03:24.599,1.05399,1.05424,1.50,1.38
2012.07.31 18:03:24.711,1.05397,1.0542,1.50,1.38
2012.07.31 18:03:25.266,1.05396,1.0542,1.50,1.38
2012.07.31 18:03:26.366,1.05396,1.05421,1.50,2.13
2012.07.31 18:03:27.014,1.05396,1.05419,1.50,1.38
2012.07.31 18:03:28.693,1.05393,1.05417,1.63,1.50
2012.07.31 18:03:29.021,1.05389,1.05413,1.63,1.50
2012.07.31 18:03:29.356,1.05388,1.05413,1.50,5.05
2012.07.31 18:03:30.439,1.05388,1.05411,1.50,1.38
2012.07.31 18:03:30.498,1.05385,1.05409,1.50,2.25
2012.07.31 18:03:30.619,1.05384,1.05408,1.50,1.38
2012.07.31 18:03:30.785,1.05384,1.05409,1.50,2.13
2012.07.31 18:03:31.168,1.05387,1.0541,1.50,1.38
2012.07.31 18:03:31.850,1.05391,1.0541,1.50,1.38
2012.07.31 18:03:32.125,1.05391,1.05413,1.50,1.38
2012.07.31 18:03:32.653,1.05388,1.05413,1.63,2.25
2012.07.31 18:03:34.606,1.05388,1.05413,1.63,2.25
2012.07.31 18:03:35.152,1.05388,1.05413,1.63,2.25
2012.07.31 18:03:38.402,1.05389,1.05413,1.50,2.25
2012.07.31 18:03:38.461,1.05392,1.05415,1.50,1.38
2012.07.31 18:03:38.908,1.05392,1.05415,1.50,1.38
2012.07.31 18:03:39.127,1.05392,1.05413,1.50,3.55
2012.07.31 18:03:39.240,1.05392,1.05414,1.50,1.38
2012.07.31 18:03:40.351,1.05387,1.05414,1.63,2.88
2012.07.31 18:03:43.819,1.05387,1.05413,1.50,1.38
2012.07.31 18:03:44.334,1.05386,1.05409,1.50,2.25
2012.07.31 18:03:44.447,1.05388,1.05412,1.50,2.13
2012.07.31 18:03:44.614,1.05388,1.05412,1.50,1.38
2012.07.31 18:03:45.757,1.05388,1.05413,1.50,2.88
2012.07.31 18:03:45.838,1.05388,1.05413,1.50,2.88
2012.07.31 18:03:46.512,1.05385,1.05408,1.50,1.38
2012.07.31 18:03:46.797,1.05382,1.05407,1.63,2.13
2012.07.31 18:03:46.911,1.05386,1.05408,1.50,1.38
2012.07.31 18:03:48.121,1.05382,1.05407,1.50,2.13
2012.07.31 18:03:48.940,1.05382,1.05405,1.50,1.38
2012.07.31 18:03:49.597,1.05383,1.05405,1.50,1.38
2012.07.31 18:03:49.908,1.05385,1.05405,1.50,1.38
2012.07.31 18:03:49.969,1.05385,1.05408,1.50,1.38
2012.07.31 18:03:52.536,1.05385,1.05403,1.50,2.18
2012.07.31 18:03:53.040,1.05385,1.05403,1.50,2.80
2012.07.31 18:03:54.422,1.05385,1.05403,1.50,2.18
2012.07.31 18:03:54.751,1.05394,1.05414,1.50,1.38
2012.07.31 18:03:55.978,1.05393,1.05416,1.50,2.13
2012.07.31 18:03:56.038,1.0539,1.05416,1.50,2.13
2012.07.31 18:03:56.098,1.05388,1.05409,1.63,1.50
2012.07.31 18:03:56.212,1.05387,1.05412,3.81,1.50
2012.07.31 18:03:56.272,1.05387,1.05413,1.50,1.38
2012.07.31 18:03:56.494,1.05385,1.05409,1.50,2.88
2012.07.31 18:03:57.012,1.05384,1.05409,1.50,2.88
2012.07.31 18:03:57.944,1.05389,1.05409,1.50,1.38
2012.07.31 18:03:58.057,1.05388,1.05409,1.50,1.38
2012.07.31 18:03:58.326,1.05388,1.05414,1.50,2.88
2012.07.31 18:03:58.440,1.05385,1.05412,1.50,4.30
2012.07.31 18:03:58.607,1.05382,1.05407,1.50,2.13
2012.07.31 18:03:59.446,1.05385,1.05409,1.50,2.13
2012.07.31 18:03:59.560,1.05385,1.05412,1.63,2.13
2012.07.31 18:03:59.990,1.05386,1.05412,1.50,2.13
2012.07.31 18:04:00.264,1.05387,1.05412,1.50,2.13
2012.07.31 18:04:00.377,1.05384,1.05409,1.63,2.25
2012.07.31 18:04:00.746,1.05386,1.0541,1.50,2.25
2012.07.31 18:04:01.023,1.05383,1.05408,1.50,2.88
2012.07.31 18:04:01.333,1.05383,1.05408,1.50,2.88
2012.07.31 18:04:01.663,1.05378,1.05402,1.50,2.80
2012.07.31 18:04:02.177,1.05378,1.05402,1.50,2.80
2012.07.31 18:04:06.066,1.05378,1.05402,1.50,3.55
2012.07.31 18:04:06.618,1.05378,1.05402,1.50,2.80
2012.07.31 18:04:11.656,1.05378,1.05402,1.50,2.80
2012.07.31 18:04:11.713,1.05378,1.05402,1.50,2.80
2012.07.31 18:04:18.338,1.0538,1.05403,1.50,1.50
2012.07.31 18:04:18.631,1.05381,1.05408,1.50,2.13
2012.07.31 18:04:22.178,1.05384,1.05408,1.50,2.13
2012.07.31 18:04:22.452,1.05386,1.05411,1.50,2.13
2012.07.31 18:04:23.622,1.05386,1.0541,1.50,1.38
2012.07.31 18:04:23.686,1.05382,1.05407,1.63,1.50
2012.07.31 18:04:29.403,1.05382,1.05407,1.50,2.13
2012.07.31 18:04:29.676,1.05378,1.05403,1.50,1.50
2012.07.31 18:04:30.252,1.05384,1.05406,1.50,1.23
2012.07.31 18:04:31.788,1.05379,1.05406,1.50,2.13
2012.07.31 18:04:32.335,1.05379,1.05406,1.50,2.13
2012.07.31 18:04:34.481,1.05379,1.05406,1.50,2.88
2012.07.31 18:04:34.593,1.05379,1.05406,1.50,1.50
2012.07.31 18:04:34.943,1.05384,1.05408,1.50,1.38
2012.07.31 18:04:37.217,1.05384,1.05408,1.50,1.38
2012.07.31 18:04:37.758,1.05384,1.05408,1.50,1.38
2012.07.31 18:04:39.523,1.05381,1.05406,1.50,2.13
2012.07.31 18:04:39.581,1.05379,1.05406,1.50,2.13
2012.07.31 18:04:41.402,1.05382,1.05407,1.50,2.13
2012.07.31 18:04:41.514,1.05382,1.05409,1.50,2.88
2012.07.31 18:04:41.627,1.05386,1.05409,1.50,1.38
2012.07.31 18:04:45.006,1.05386,1.05411,1.50,2.13
2012.07.31 18:04:45.440,1.05388,1.05413,1.50,1.35
2012.07.31 18:04:47.886,1.05388,1.05415,1.50,2.13
2012.07.31 18:04:49.107,1.05389,1.05414,1.50,2.13
2012.07.31 18:04:49.628,1.05387,1.0541,2.25,1.50
2012.07.31 18:04:49.740,1.05385,1.0541,1.50,1.50
2012.07.31 18:04:57.898,1.05385,1.05408,1.50,1.50
2012.07.31 18:04:58.030,1.05381,1.05406,2.25,1.50
2012.07.31 18:04:58.561,1.05384,1.0541,1.50,1.23
2012.07.31 18:05:02.172,1.05384,1.05411,1.50,2.35
2012.07.31 18:05:02.232,1.05382,1.05401,1.50,1.50
2012.07.31 18:05:02.291,1.05377,1.05401,2.38,1.50
2012.07.31 18:05:02.350,1.0538,1.05403,1.50,1.50
2012.07.31 18:05:02.410,1.0538,1.05405,1.50,1.50
2012.07.31 18:05:02.469,1.05378,1.05405,1.50,1.50
2012.07.31 18:05:04.455,1.05378,1.05405,1.63,1.50
2012.07.31 18:05:04.844,1.05378,1.05405,2.38,1.50
2012.07.31 18:05:05.317,1.05383,1.05408,1.50,1.50
2012.07.31 18:05:11.565,1.05386,1.05411,1.50,1.50
2012.07.31 18:05:11.903,1.05389,1.05416,1.50,2.58
2012.07.31 18:05:12.196,1.05389,1.05416,1.50,1.50
2012.07.31 18:05:12.256,1.05392,1.05416,1.50,1.50
2012.07.31 18:05:12.315,1.05394,1.05419,1.50,1.50
2012.07.31 18:05:12.872,1.0539,1.05417,2.38,1.50
2012.07.31 18:05:13.574,1.0539,1.05417,2.38,1.50
2012.07.31 18:05:13.905,1.0539,1.05417,2.38,1.50
2012.07.31 18:05:14.123,1.0539,1.05417,2.38,1.50
2012.07.31 18:05:14.398,1.0539,1.05417,2.38,1.50
2012.07.31 18:05:14.513,1.05397,1.05422,1.63,1.50
2012.07.31 18:05:15.364,1.05397,1.05422,3.81,1.50
2012.07.31 18:05:15.480,1.054,1.05427,1.63,1.50
2012.07.31 18:05:17.314,1.054,1.05427,1.63,1.50
2012.07.31 18:05:23.727,1.054,1.05424,1.50,1.50
2012.07.31 18:05:24.003,1.05398,1.05424,3.68,2.25
2012.07.31 18:05:24.509,1.054,1.05424,1.50,2.88
2012.07.31 18:05:24.836,1.05396,1.05421,1.50,2.88
2012.07.31 18:05:24.894,1.05396,1.05421,1.50,2.13
2012.07.31 18:05:25.007,1.05392,1.05417,1.63,1.50
2012.07.31 18:05:25.347,1.05395,1.05422,1.50,1.50
2012.07.31 18:05:26.848,1.05398,1.05423,1.50,2.13
2012.07.31 18:05:27.590,1.05398,1.05424,1.50,2.88
2012.07.31 18:05:27.882,1.05395,1.05422,1.50,1.50
2012.07.31 18:05:31.734,1.05395,1.05422,1.50,2.13
2012.07.31 18:05:41.624,1.05395,1.05422,1.50,2.13
2012.07.31 18:05:44.145,1.05392,1.05417,2.38,2.13
2012.07.31 18:05:44.258,1.05388,1.05415,1.63,1.50
2012.07.31 18:05:44.443,1.05393,1.05418,1.50,2.13
2012.07.31 18:05:44.989,1.05393,1.05418,1.63,1.50
2012.07.31 18:05:45.048,1.05393,1.05418,1.50,2.13
2012.07.31 18:05:45.272,1.05393,1.05418,1.63,1.50
2012.07.31 18:05:45.747,1.05393,1.05418,1.50,2.13
2012.07.31 18:05:47.185,1.05391,1.05415,1.50,1.50
2012.07.31 18:05:48.076,1.0539,1.05415,1.63,1.50
2012.07.31 18:05:48.876,1.0539,1.05415,2.38,1.50
2012.07.31 18:05:49.626,1.05393,1.0542,1.50,2.13
2012.07.31 18:05:50.450,1.0539,1.05415,2.38,1.50
2012.07.31 18:05:54.667,1.05393,1.05418,1.50,2.13
2012.07.31 18:05:56.321,1.05392,1.05416,2.25,2.13
2012.07.31 18:05:56.434,1.05389,1.05416,1.63,2.13
2012.07.31 18:05:56.814,1.05389,1.05416,2.38,2.13
2012.07.31 18:05:57.165,1.05394,1.05419,1.50,2.13
2012.07.31 18:05:58.515,1.05391,1.05415,2.25,1.50
2012.07.31 18:06:03.655,1.0539,1.05415,1.63,1.50
2012.07.31 18:06:05.499,1.05393,1.05417,1.50,2.13
2012.07.31 18:06:05.848,1.05391,1.05416,1.50,2.13
2012.07.31 18:06:08.548,1.05391,1.05416,1.63,1.50
2012.07.31 18:06:08.661,1.05393,1.05419,1.63,2.88
2012.07.31 18:06:18.759,1.05389,1.05416,2.38,1.50
2012.07.31 18:06:18.979,1.05393,1.0542,1.63,2.13
2012.07.31 18:06:21.729,1.05393,1.0542,1.50,2.13
2012.07.31 18:06:31.513,1.05393,1.0542,1.50,2.13
2012.07.31 18:06:50.720,1.05391,1.05416,2.25,1.50
2012.07.31 18:06:51.329,1.05389,1.05416,2.38,1.50
2012.07.31 18:06:51.551,1.05392,1.05419,2.38,1.50
2012.07.31 18:06:52.111,1.05396,1.05423,2.25,2.13
2012.07.31 18:06:52.348,1.05395,1.05418,2.38,1.50
2012.07.31 18:06:55.605,1.05398,1.05418,2.18,1.50
2012.07.31 18:06:55.718,1.05398,1.05421,3.68,1.50
2012.07.31 18:06:55.776,1.05398,1.05423,3.68,1.50
2012.07.31 18:06:55.834,1.05398,1.0542,2.18,1.50
2012.07.31 18:06:57.689,1.05395,1.0542,2.25,2.13
2012.07.31 18:07:00.877,1.05399,1.05424,1.50,1.50
2012.07.31 18:07:01.676,1.05399,1.05424,1.50,2.13
2012.07.31 18:07:02.002,1.05399,1.05422,1.50,2.13
2012.07.31 18:07:02.170,1.05395,1.0542,1.50,2.13
2012.07.31 18:07:02.803,1.05395,1.0542,1.50,2.13
2012.07.31 18:07:03.633,1.05395,1.0542,1.63,2.13
2012.07.31 18:07:03.810,1.05395,1.0542,2.38,2.13
2012.07.31 18:07:05.181,1.05398,1.05423,1.50,2.13
2012.07.31 18:07:07.541,1.05395,1.0542,2.38,2.13
2012.07.31 18:07:08.482,1.05395,1.0542,1.63,2.13
2012.07.31 18:07:08.719,1.0539,1.05417,2.38,1.50
2012.07.31 18:07:08.885,1.0539,1.05417,2.38,1.50
2012.07.31 18:07:22.928,1.0539,1.05417,2.38,1.50
2012.07.31 18:07:23.200,1.05394,1.05419,1.63,1.50
2012.07.31 18:07:24.903,1.05394,1.05419,1.50,2.13
2012.07.31 18:07:25.175,1.05389,1.05416,2.38,1.50
2012.07.31 18:07:29.740,1.05389,1.05416,1.63,1.50
2012.07.31 18:07:29.851,1.05389,1.05416,2.38,1.50
2012.07.31 18:07:30.052,1.05389,1.05416,1.63,1.50
2012.07.31 18:07:30.217,1.05389,1.05416,1.50,2.13
2012.07.31 18:07:30.875,1.05385,1.05412,2.38,2.13
2012.07.31 18:07:31.451,1.05393,1.05418,1.50,2.88
2012.07.31 18:07:31.511,1.05393,1.05418,1.50,2.88
2012.07.31 18:07:31.624,1.05393,1.05418,1.50,2.88
2012.07.31 18:07:31.683,1.05393,1.05416,1.50,1.50
2012.07.31 18:07:31.742,1.05389,1.05414,1.63,1.50
2012.07.31 18:07:31.898,1.05389,1.05414,2.38,1.50
2012.07.31 18:07:33.233,1.05392,1.05419,1.63,1.50
2012.07.31 18:07:38.920,1.05392,1.05419,1.63,1.50
2012.07.31 18:07:39.351,1.05392,1.05419,2.38,1.50
2012.07.31 18:07:39.410,1.05395,1.05422,1.63,2.13
2012.07.31 18:07:39.933,1.05395,1.05422,2.38,2.13
2012.07.31 18:07:40.399,1.05392,1.05417,2.38,1.50
2012.07.31 18:07:41.574,1.05392,1.05417,1.63,1.50
2012.07.31 18:07:42.077,1.05392,1.05417,3.13,1.50
2012.07.31 18:07:42.136,1.05394,1.05421,1.50,2.13
2012.07.31 18:07:43.453,1.05392,1.05416,1.63,1.50
2012.07.31 18:07:43.781,1.05391,1.05415,1.50,1.38
2012.07.31 18:07:44.108,1.05391,1.05412,1.50,2.18
2012.07.31 18:07:44.655,1.05391,1.05413,1.50,1.38
2012.07.31 18:07:44.987,1.05391,1.05413,1.50,5.05
2012.07.31 18:07:45.350,1.05391,1.05408,1.50,1.58
2012.07.31 18:07:45.412,1.05386,1.05408,1.50,1.58
2012.07.31 18:07:45.636,1.05379,1.05408,1.63,2.48
2012.07.31 18:07:46.095,1.0538,1.05409,1.63,1.60
2012.07.31 18:07:46.603,1.05384,1.05411,2.25,1.08
2012.07.31 18:07:46.935,1.05392,1.05411,1.50,1.08
2012.07.31 18:07:46.995,1.05392,1.05416,1.50,1.08
2012.07.31 18:07:47.433,1.05392,1.05418,1.50,1.38
2012.07.31 18:07:47.959,1.05391,1.05416,1.50,2.13
2012.07.31 18:07:48.017,1.05391,1.05416,1.50,2.13
2012.07.31 18:07:48.077,1.05391,1.05416,1.50,2.13
2012.07.31 18:07:48.594,1.05391,1.05416,1.50,2.13
2012.07.31 18:07:48.918,1.05391,1.05413,1.50,1.38
2012.07.31 18:07:49.084,1.05391,1.05416,1.50,2.13
2012.07.31 18:07:49.413,1.05391,1.05413,1.50,1.38
2012.07.31 18:07:49.528,1.05391,1.05413,1.50,1.38
2012.07.31 18:07:49.751,1.05388,1.05413,1.50,2.88
2012.07.31 18:07:49.865,1.05384,1.05411,1.50,2.13
2012.07.31 18:07:50.968,1.05387,1.05411,1.50,2.13
2012.07.31 18:07:51.371,1.05389,1.05413,1.50,1.38
2012.07.31 18:07:51.484,1.05389,1.05414,1.63,2.25
2012.07.31 18:07:51.934,1.05386,1.05406,1.63,1.50
2012.07.31 18:07:52.436,1.05379,1.05406,2.38,1.50
2012.07.31 18:07:52.820,1.05385,1.05408,1.63,1.50
2012.07.31 18:07:52.885,1.05384,1.05411,2.38,2.13
2012.07.31 18:07:53.000,1.05382,1.05408,2.38,1.50
2012.07.31 18:07:53.610,1.05387,1.05413,3.00,2.13
2012.07.31 18:07:54.130,1.05387,1.05413,1.63,2.13
2012.07.31 18:07:54.637,1.05387,1.05413,1.63,2.25
2012.07.31 18:07:54.967,1.05382,1.05406,1.63,1.50
2012.07.31 18:07:55.189,1.05387,1.05413,1.50,1.38
2012.07.31 18:07:55.248,1.05387,1.05414,1.63,2.25
2012.07.31 18:07:55.577,1.05382,1.05409,2.38,1.50
2012.07.31 18:07:55.883,1.05382,1.05409,1.63,2.25
2012.07.31 18:07:55.994,1.05382,1.05408,1.50,1.38
2012.07.31 18:07:56.106,1.05382,1.05409,1.63,2.88
2012.07.31 18:07:56.365,1.05382,1.05408,1.50,1.38
2012.07.31 18:07:56.866,1.05381,1.05405,1.50,2.13
2012.07.31 18:08:00.690,1.05381,1.05405,2.25,2.13
2012.07.31 18:08:01.291,1.05381,1.05405,1.50,2.13
2012.07.31 18:08:02.566,1.05381,1.05405,1.50,2.13
2012.07.31 18:08:03.411,1.05381,1.05405,1.63,1.50
2012.07.31 18:08:03.525,1.05384,1.0541,1.63,1.50
2012.07.31 18:08:03.647,1.05392,1.05413,1.50,1.38
2012.07.31 18:08:06.449,1.05392,1.05416,2.38,1.50
2012.07.31 18:08:06.507,1.05396,1.05416,1.50,1.50
2012.07.31 18:08:06.566,1.05396,1.05418,1.50,2.13
2012.07.31 18:08:06.626,1.05393,1.05418,1.63,2.13
2012.07.31 18:08:07.007,1.05397,1.05422,1.50,2.13
2012.07.31 18:08:07.120,1.05391,1.05418,2.38,2.13
2012.07.31 18:08:07.310,1.05391,1.05418,1.63,2.88
2012.07.31 18:08:07.423,1.0539,1.05415,1.63,1.50
2012.07.31 18:08:07.539,1.05388,1.05415,1.63,1.50
2012.07.31 18:08:07.653,1.05388,1.05415,1.63,2.25
2012.07.31 18:08:08.205,1.05388,1.05415,1.50,2.13
2012.07.31 18:08:10.102,1.05388,1.05415,1.50,2.13
2012.07.31 18:08:11.983,1.05388,1.05415,1.50,2.13
2012.07.31 18:08:12.338,1.05385,1.05409,2.38,1.50
2012.07.31 18:08:12.452,1.05388,1.05413,1.50,2.13
2012.07.31 18:08:14.038,1.05385,1.05409,1.63,1.50
2012.07.31 18:08:14.542,1.05384,1.05409,2.38,1.50
2012.07.31 18:08:14.708,1.05387,1.05412,2.25,2.13
2012.07.31 18:08:15.419,1.05387,1.05414,1.50,2.13
2012.07.31 18:08:15.478,1.05387,1.05414,1.50,2.13
2012.07.31 18:08:16.010,1.05387,1.05413,1.63,1.38
2012.07.31 18:08:16.177,1.05383,1.05408,1.63,1.50
2012.07.31 18:08:16.344,1.05383,1.05408,1.50,1.50
2012.07.31 18:08:16.511,1.05379,1.05406,2.38,1.50
2012.07.31 18:08:18.178,1.05382,1.05409,1.63,1.50
2012.07.31 18:08:19.851,1.05385,1.05409,1.50,1.50
2012.07.31 18:08:20.018,1.05387,1.05414,1.50,2.88
2012.07.31 18:08:20.131,1.05387,1.05412,1.50,3.48
2012.07.31 18:08:20.244,1.05379,1.05406,1.63,1.50
2012.07.31 18:08:20.665,1.05379,1.05406,1.50,2.13
2012.07.31 18:08:24.587,1.05377,1.05401,1.50,2.13
2012.07.31 18:08:25.394,1.05376,1.05401,1.50,2.13
2012.07.31 18:08:27.143,1.05376,1.05401,1.50,2.13
2012.07.31 18:08:29.359,1.05376,1.054,1.50,1.50
2012.07.31 18:08:29.694,1.05372,1.05397,1.63,1.50
2012.07.31 18:08:30.175,1.05375,1.05402,1.50,2.35
2012.07.31 18:08:31.629,1.05375,1.05402,1.50,2.35
2012.07.31 18:08:32.669,1.05375,1.054,1.50,1.38
2012.07.31 18:08:32.782,1.05375,1.05402,1.50,2.35
2012.07.31 18:08:32.852,1.05375,1.05402,1.63,2.35
2012.07.31 18:08:33.363,1.05376,1.05401,1.50,1.50
2012.07.31 18:08:33.530,1.05376,1.05401,1.63,1.50
2012.07.31 18:08:34.003,1.05372,1.05399,2.38,1.50
2012.07.31 18:08:34.281,1.0538,1.05404,1.50,1.50
2012.07.31 18:08:34.341,1.05382,1.05407,1.50,2.13
2012.07.31 18:08:34.454,1.05378,1.05403,2.18,1.50
2012.07.31 18:08:34.513,1.05378,1.05403,2.31,1.50
2012.07.31 18:08:34.895,1.05379,1.05406,1.63,1.50
2012.07.31 18:08:35.007,1.05379,1.05406,1.63,2.25
2012.07.31 18:08:35.120,1.05379,1.05406,1.63,1.50
2012.07.31 18:08:35.234,1.05378,1.05402,3.81,1.50
2012.07.31 18:08:35.871,1.05379,1.05404,1.63,1.50
2012.07.31 18:08:36.037,1.05379,1.05406,1.63,1.50
2012.07.31 18:08:36.433,1.05378,1.05403,4.56,1.50
2012.07.31 18:08:36.609,1.05378,1.05403,4.41,1.50
2012.07.31 18:08:36.742,1.0538,1.05407,2.23,3.00
2012.07.31 18:08:36.909,1.05377,1.05404,3.13,1.50
2012.07.31 18:08:36.969,1.05377,1.05404,2.38,1.50
2012.07.31 18:08:39.119,1.05375,1.05399,1.48,1.50
2012.07.31 18:08:39.445,1.0537,1.05395,2.38,1.50
2012.07.31 18:08:39.640,1.05373,1.054,1.63,1.50
2012.07.31 18:08:40.581,1.05373,1.054,2.38,1.50
2012.07.31 18:08:40.694,1.05377,1.054,2.31,1.50
2012.07.31 18:08:40.862,1.05377,1.05403,2.31,1.50
2012.07.31 18:08:41.082,1.05376,1.05403,2.98,1.50
2012.07.31 18:08:41.195,1.05376,1.05403,2.98,1.50
2012.07.31 18:08:42.762,1.05377,1.05403,2.31,1.50
2012.07.31 18:08:45.073,1.05374,1.05399,2.38,1.50
2012.07.31 18:08:45.186,1.05372,1.05399,2.38,1.50
2012.07.31 18:08:45.408,1.05372,1.05399,2.38,1.50
2012.07.31 18:08:45.843,1.05376,1.05403,2.38,1.50
2012.07.31 18:08:49.145,1.05376,1.05403,2.38,1.50
2012.07.31 18:08:52.173,1.05377,1.05403,2.93,1.50
2012.07.31 18:08:53.125,1.05376,1.05403,1.63,1.50
2012.07.31 18:08:53.292,1.05372,1.05399,2.38,1.50
2012.07.31 18:08:53.796,1.05372,1.05399,2.38,1.50
2012.07.31 18:08:59.007,1.05374,1.05398,2.38,1.50
2012.07.31 18:08:59.381,1.05378,1.05398,1.50,1.50
2012.07.31 18:08:59.440,1.05374,1.05398,2.38,1.50
2012.07.31 18:09:02.351,1.05374,1.05398,2.38,1.50
2012.07.31 18:09:02.410,1.05376,1.05401,2.38,1.50
2012.07.31 18:09:02.575,1.05376,1.05401,2.38,1.50
2012.07.31 18:09:02.634,1.05379,1.05406,1.50,2.13
2012.07.31 18:09:02.746,1.05375,1.05402,2.98,1.50
2012.07.31 18:09:03.378,1.05374,1.05398,2.25,1.50
2012.07.31 18:09:03.898,1.05374,1.05398,2.25,1.50
2012.07.31 18:09:04.321,1.05374,1.05398,1.50,1.50
2012.07.31 18:09:08.369,1.05372,1.05394,1.50,1.50
2012.07.31 18:09:08.535,1.05372,1.05396,2.25,1.50
2012.07.31 18:09:08.648,1.05369,1.05394,2.38,1.50
2012.07.31 18:09:09.440,1.05374,1.05398,1.50,1.50
2012.07.31 18:09:10.359,1.05374,1.05397,1.50,1.50
2012.07.31 18:09:10.420,1.05371,1.05395,2.25,1.50
2012.07.31 18:09:14.428,1.05371,1.05395,1.50,1.50
2012.07.31 18:09:14.952,1.05371,1.05395,2.25,1.50
2012.07.31 18:09:15.064,1.05375,1.05399,1.50,1.50
2012.07.31 18:09:15.443,1.05376,1.05402,2.25,2.13
2012.07.31 18:09:20.397,1.05374,1.05398,2.38,1.50
2012.07.31 18:09:20.614,1.05373,1.05398,1.63,1.50
2012.07.31 18:09:22.032,1.05377,1.05401,1.50,1.50
2012.07.31 18:09:22.361,1.05381,1.05408,2.25,2.13
2012.07.31 18:09:22.763,1.05379,1.05404,2.38,1.50
2012.07.31 18:09:23.099,1.05375,1.054,2.38,3.00
2012.07.31 18:09:23.547,1.05372,1.05398,2.38,1.50
2012.07.31 18:09:23.609,1.05372,1.05398,1.50,1.50
2012.07.31 18:09:24.359,1.05372,1.05398,1.63,1.50
2012.07.31 18:09:24.687,1.05375,1.05402,2.38,1.50
2012.07.31 18:09:24.887,1.05372,1.05398,2.38,1.50
2012.07.31 18:09:25.107,1.05372,1.05398,1.63,1.50
2012.07.31 18:09:25.334,1.05375,1.054,1.63,1.50
2012.07.31 18:09:26.137,1.05375,1.05399,1.63,1.50
2012.07.31 18:09:26.197,1.05373,1.05397,1.63,1.50
2012.07.31 18:09:26.551,1.05378,1.05399,1.63,1.50
2012.07.31 18:09:26.877,1.05378,1.05403,1.63,1.50
2012.07.31 18:09:27.371,1.05381,1.05405,1.50,1.50
2012.07.31 18:09:28.059,1.05383,1.05409,1.50,1.38
2012.07.31 18:09:28.875,1.05382,1.05404,1.50,1.50
2012.07.31 18:09:28.933,1.05377,1.05404,1.63,1.50
2012.07.31 18:09:35.630,1.0538,1.05406,1.50,2.13
2012.07.31 18:09:36.137,1.0538,1.05407,1.50,1.50
2012.07.31 18:09:36.562,1.0538,1.05407,1.50,2.13
2012.07.31 18:09:36.622,1.05378,1.05403,3.00,1.50
2012.07.31 18:09:36.734,1.05376,1.05401,2.38,1.50
2012.07.31 18:09:37.273,1.05375,1.05401,2.38,1.50
2012.07.31 18:09:37.838,1.05374,1.05399,2.38,1.50
2012.07.31 18:09:38.417,1.05374,1.05399,2.38,1.50
2012.07.31 18:09:38.605,1.05378,1.05403,1.50,1.50
2012.07.31 18:09:40.087,1.05373,1.054,1.63,1.50
2012.07.31 18:09:40.600,1.05373,1.054,1.63,1.50
2012.07.31 18:09:43.691,1.05373,1.054,1.63,1.50
2012.07.31 18:09:47.221,1.05378,1.05402,1.50,1.50
2012.07.31 18:09:47.656,1.0538,1.05402,1.50,1.50
2012.07.31 18:09:47.879,1.05377,1.05403,1.50,1.38
2012.07.31 18:09:47.994,1.05373,1.054,1.63,1.50
2012.07.31 18:09:48.346,1.05367,1.05393,1.63,1.50
2012.07.31 18:09:48.413,1.05367,1.05393,1.63,1.50
2012.07.31 18:09:49.050,1.05373,1.05395,1.50,1.50
2012.07.31 18:09:49.109,1.05373,1.05399,1.50,1.38
2012.07.31 18:09:49.341,1.05373,1.054,1.63,1.50
2012.07.31 18:09:50.183,1.05373,1.054,2.38,1.50
2012.07.31 18:09:50.699,1.05373,1.054,1.63,1.50
2012.07.31 18:09:51.161,1.05373,1.054,2.38,1.50
2012.07.31 18:09:52.251,1.05373,1.054,1.63,1.50
2012.07.31 18:09:53.126,1.05373,1.054,2.38,1.50
2012.07.31 18:09:53.367,1.05378,1.05403,1.50,2.13
2012.07.31 18:09:53.894,1.05378,1.05403,1.50,1.50
2012.07.31 18:09:54.555,1.05378,1.05403,1.63,1.50
2012.07.31 18:09:56.405,1.05378,1.05402,1.50,1.50
2012.07.31 18:09:56.828,1.05374,1.05399,2.38,1.50
2012.07.31 18:09:58.350,1.05374,1.05399,2.38,1.50
2012.07.31 18:09:58.463,1.05377,1.05402,2.38,1.50
2012.07.31 18:09:58.523,1.05377,1.05404,2.38,1.50
2012.07.31 18:09:58.667,1.05377,1.05404,2.38,1.50
2012.07.31 18:10:00.118,1.05377,1.05404,2.38,1.50
2012.07.31 18:10:00.603,1.05377,1.05404,2.38,1.50
2012.07.31 18:10:03.107,1.05377,1.05404,2.38,1.50
2012.07.31 18:10:04.620,1.05377,1.05404,2.38,1.50
2012.07.31 18:10:04.840,1.05381,1.05408,2.38,1.50
2012.07.31 18:10:07.078,1.05381,1.05405,1.50,1.50
2012.07.31 18:10:07.816,1.05379,1.05404,1.63,1.50
2012.07.31 18:10:08.310,1.05379,1.05404,1.63,1.50
2012.07.31 18:10:08.584,1.05379,1.05404,1.48,1.50
2012.07.31 18:10:08.643,1.05379,1.05404,1.48,1.50
2012.07.31 18:10:08.932,1.05379,1.05408,2.98,1.50
2012.07.31 18:10:09.172,1.05383,1.05411,2.38,1.50
2012.07.31 18:10:10.124,1.05383,1.0541,2.38,1.50
2012.07.31 18:10:10.183,1.05379,1.05408,2.98,1.50
2012.07.31 18:10:12.235,1.05384,1.0541,2.25,1.50
2012.07.31 18:10:12.636,1.05384,1.05411,1.50,1.50
2012.07.31 18:10:13.829,1.05384,1.05411,2.25,1.50
2012.07.31 18:10:14.442,1.05384,1.05411,1.50,1.50
2012.07.31 18:10:16.694,1.05381,1.05408,2.38,1.50
2012.07.31 18:10:17.035,1.05379,1.05408,2.38,1.50
2012.07.31 18:10:17.892,1.05379,1.05408,2.38,1.50
2012.07.31 18:10:18.296,1.05377,1.05402,3.81,1.50
2012.07.31 18:10:18.824,1.05381,1.05406,2.25,2.13
2012.07.31 18:10:18.884,1.05381,1.05406,2.25,2.13
2012.07.31 18:10:19.096,1.05381,1.05406,2.38,1.50
2012.07.31 18:10:19.327,1.05378,1.05405,3.06,1.50
2012.07.31 18:10:19.631,1.05378,1.05405,3.06,1.50
2012.07.31 18:10:23.239,1.05378,1.05405,2.31,1.50
2012.07.31 18:10:23.299,1.05377,1.05403,1.63,1.50
2012.07.31 18:10:23.635,1.05379,1.05403,2.38,1.50
2012.07.31 18:10:23.695,1.05379,1.05407,2.38,1.50
2012.07.31 18:10:23.807,1.05379,1.05402,2.38,1.50
2012.07.31 18:10:24.151,1.05374,1.05399,3.13,1.50
2012.07.31 18:10:24.513,1.05374,1.05399,2.38,1.50
2012.07.31 18:10:25.839,1.05377,1.05402,1.63,1.50
2012.07.31 18:10:25.953,1.05373,1.05401,2.38,1.50
2012.07.31 18:10:29.256,1.05377,1.05402,2.25,1.50
2012.07.31 18:10:34.991,1.05378,1.05406,2.38,1.50
2012.07.31 18:10:36.920,1.05378,1.05404,2.38,1.50
2012.07.31 18:10:37.249,1.05379,1.05404,2.38,1.50
2012.07.31 18:10:37.415,1.05379,1.05404,2.38,1.50
2012.07.31 18:10:48.600,1.05377,1.05401,1.63,1.50
2012.07.31 18:10:48.945,1.05376,1.05401,1.63,1.50
2012.07.31 18:10:49.113,1.05376,1.05401,1.63,3.00
2012.07.31 18:10:49.172,1.05376,1.05399,1.63,3.00
2012.07.31 18:10:49.490,1.05374,1.05399,2.38,1.50
2012.07.31 18:10:49.817,1.05369,1.05394,2.38,1.50
2012.07.31 18:10:50.128,1.05371,1.05396,2.38,1.50
2012.07.31 18:10:50.188,1.05371,1.05399,2.38,1.50
2012.07.31 18:10:50.814,1.0537,1.05395,2.38,1.50
2012.07.31 18:10:51.251,1.05373,1.05397,2.38,1.50
2012.07.31 18:10:51.311,1.05373,1.05401,2.38,1.50
2012.07.31 18:10:52.378,1.05373,1.05401,2.38,1.50
2012.07.31 18:10:52.634,1.05375,1.05403,2.38,1.50
2012.07.31 18:10:52.881,1.05375,1.05404,2.38,1.50
2012.07.31 18:10:58.220,1.05375,1.05402,2.38,1.50
2012.07.31 18:10:58.770,1.05377,1.05403,2.38,1.50
2012.07.31 18:10:59.406,1.05373,1.054,2.38,1.50
2012.07.31 18:11:01.173,1.05373,1.054,2.38,1.50
2012.07.31 18:11:01.287,1.05371,1.05397,2.38,1.50
2012.07.31 18:11:02.239,1.05369,1.05393,2.38,1.50
2012.07.31 18:11:04.205,1.0537,1.05398,2.38,1.50
2012.07.31 18:11:07.316,1.0537,1.05398,2.38,1.50
2012.07.31 18:11:07.428,1.0537,1.05398,2.38,1.50
2012.07.31 18:11:08.289,1.0537,1.05398,2.38,1.50
2012.07.31 18:11:08.826,1.05373,1.054,2.38,1.50
2012.07.31 18:11:09.093,1.05373,1.054,2.38,1.50
2012.07.31 18:11:09.482,1.05372,1.05396,2.38,1.50
2012.07.31 18:11:09.904,1.05372,1.05398,2.38,1.50
2012.07.31 18:11:10.556,1.05375,1.054,1.63,1.50
2012.07.31 18:11:10.616,1.05375,1.05403,1.63,1.50
2012.07.31 18:11:11.638,1.05374,1.05403,2.38,1.50
2012.07.31 18:11:12.567,1.05374,1.05398,1.63,1.50
2012.07.31 18:11:12.627,1.05374,1.05398,1.63,1.50
2012.07.31 18:11:17.989,1.05371,1.05398,2.38,1.50
2012.07.31 18:11:18.102,1.05371,1.05397,2.38,1.50
2012.07.31 18:11:18.635,1.05371,1.05398,2.38,1.50
2012.07.31 18:11:19.329,1.05371,1.05396,2.38,1.50
2012.07.31 18:11:19.846,1.05368,1.05395,2.38,1.50
2012.07.31 18:11:22.223,1.05371,1.05398,2.38,1.50
2012.07.31 18:11:22.444,1.05369,1.05394,3.88,1.50
2012.07.31 18:11:24.166,1.0537,1.05398,2.38,1.50
2012.07.31 18:11:24.387,1.0537,1.05398,2.38,1.50
2012.07.31 18:11:24.607,1.0537,1.05398,2.38,1.50
2012.07.31 18:11:24.955,1.05369,1.05395,1.48,1.50
2012.07.31 18:11:25.067,1.0537,1.05398,2.38,1.50
2012.07.31 18:11:25.289,1.05375,1.05401,2.38,1.50
2012.07.31 18:11:25.402,1.05375,1.05401,2.38,1.50
2012.07.31 18:11:25.771,1.05371,1.05398,3.13,1.50
2012.07.31 18:11:28.100,1.05371,1.05398,3.13,1.50
2012.07.31 18:11:28.972,1.05371,1.05396,1.63,1.50
2012.07.31 18:11:29.399,1.05364,1.05392,2.38,1.50
2012.07.31 18:11:29.621,1.05364,1.05389,3.13,1.50
2012.07.31 18:11:29.791,1.05365,1.05391,2.38,1.50
2012.07.31 18:11:38.103,1.05369,1.05393,2.38,1.50
2012.07.31 18:11:38.868,1.05369,1.05394,2.38,1.50
2012.07.31 18:11:42.194,1.05376,1.05399,1.63,1.50
2012.07.31 18:11:42.253,1.05376,1.05401,1.63,1.50
2012.07.31 18:11:42.785,1.05376,1.05401,2.38,1.50
2012.07.31 18:11:43.674,1.05373,1.05398,2.38,1.50
2012.07.31 18:11:44.169,1.05371,1.05398,2.38,1.50
2012.07.31 18:11:46.093,1.05375,1.05399,2.38,1.50
2012.07.31 18:11:46.153,1.05375,1.05402,2.38,1.50
2012.07.31 18:11:47.686,1.05375,1.05402,2.38,1.50
2012.07.31 18:11:48.158,1.05385,1.05404,1.50,1.50
2012.07.31 18:11:48.226,1.05379,1.05406,2.38,1.50
2012.07.31 18:11:48.936,1.05378,1.05402,2.38,1.50
2012.07.31 18:11:49.211,1.05376,1.05402,3.13,1.50
2012.07.31 18:11:49.848,1.05376,1.05402,3.13,1.50
2012.07.31 18:11:49.923,1.05376,1.054,1.63,1.50
2012.07.31 18:11:50.090,1.05376,1.05404,2.38,1.50
2012.07.31 18:11:50.150,1.05376,1.05402,2.38,1.50
2012.07.31 18:11:50.488,1.05379,1.05406,3.13,1.50
2012.07.31 18:11:51.153,1.0538,1.05407,1.50,1.50
2012.07.31 18:11:51.552,1.0538,1.05403,1.50,1.50
2012.07.31 18:11:52.975,1.05379,1.05403,1.48,1.50
2012.07.31 18:11:53.035,1.05379,1.05407,1.48,1.50
2012.07.31 18:11:53.628,1.0538,1.05406,2.38,1.50
2012.07.31 18:11:54.067,1.05379,1.05401,2.23,1.50
2012.07.31 18:11:54.467,1.05379,1.05404,2.23,3.00
2012.07.31 18:11:54.633,1.05385,1.05412,2.38,1.50
2012.07.31 18:11:54.746,1.05385,1.05409,1.63,1.50
2012.07.31 18:11:55.075,1.05378,1.05405,5.31,1.50
2012.07.31 18:11:55.252,1.05378,1.05405,3.13,1.50
2012.07.31 18:11:55.775,1.05375,1.05401,1.63,1.50
2012.07.31 18:11:55.942,1.05374,1.05401,1.63,1.50
2012.07.31 18:11:57.460,1.05378,1.05403,1.63,1.50
2012.07.31 18:11:57.521,1.05378,1.05405,1.63,1.50
2012.07.31 18:11:57.580,1.05378,1.05405,2.38,1.50
2012.07.31 18:12:02.415,1.05384,1.05406,1.50,1.50
2012.07.31 18:12:02.474,1.05384,1.05409,1.50,2.13
2012.07.31 18:12:02.972,1.05385,1.05409,2.25,2.13
2012.07.31 18:12:03.309,1.05388,1.0541,1.50,1.50
2012.07.31 18:12:03.389,1.05382,1.05409,2.38,1.50
2012.07.31 18:12:03.452,1.05382,1.05409,2.38,1.50
2012.07.31 18:12:04.488,1.05377,1.05404,2.38,1.50
2012.07.31 18:12:05.037,1.05377,1.05404,2.38,1.50
2012.07.31 18:12:08.689,1.05377,1.05404,1.63,1.50
2012.07.31 18:12:19.616,1.05377,1.05404,2.38,1.50
2012.07.31 18:12:21.134,1.05377,1.05402,2.25,1.50
2012.07.31 18:12:21.339,1.05374,1.05401,2.38,1.50
2012.07.31 18:12:22.330,1.05374,1.05401,1.63,1.50
2012.07.31 18:12:22.527,1.05374,1.05401,1.50,1.50
2012.07.31 18:12:23.125,1.05374,1.05401,1.50,2.25
2012.07.31 18:12:23.681,1.05374,1.05401,1.63,2.25
2012.07.31 18:12:23.875,1.05374,1.05401,1.63,1.50
2012.07.31 18:12:24.031,1.05378,1.05402,1.50,1.50
2012.07.31 18:12:24.143,1.05376,1.05401,1.50,1.50
2012.07.31 18:12:24.203,1.05374,1.05401,1.50,2.13
2012.07.31 18:12:24.316,1.05374,1.05401,1.63,2.25
2012.07.31 18:12:24.639,1.05374,1.05401,1.63,1.50
2012.07.31 18:12:26.851,1.05374,1.05401,1.50,2.13
2012.07.31 18:12:27.390,1.05374,1.05401,1.50,1.50
2012.07.31 18:12:27.754,1.05378,1.05404,1.50,1.38
2012.07.31 18:12:29.515,1.05378,1.05404,1.50,1.38
2012.07.31 18:12:29.735,1.05373,1.05398,1.50,1.50
2012.07.31 18:12:30.128,1.05368,1.05395,4.56,1.50
2012.07.31 18:12:30.193,1.05368,1.05395,3.68,2.13
2012.07.31 18:12:30.378,1.05366,1.05391,2.25,1.50
2012.07.31 18:12:30.716,1.05369,1.05396,2.38,1.50
2012.07.31 18:12:32.195,1.05369,1.05396,2.38,1.50
2012.07.31 18:12:32.366,1.05373,1.054,1.63,1.50
2012.07.31 18:12:32.587,1.05373,1.05397,1.50,1.50
2012.07.31 18:12:32.914,1.0537,1.05395,1.50,1.50
2012.07.31 18:12:34.927,1.0537,1.05395,1.50,2.13
2012.07.31 18:12:34.985,1.05368,1.05392,1.50,1.50
2012.07.31 18:12:35.695,1.05361,1.05388,2.38,1.50
2012.07.31 18:12:37.056,1.05366,1.0539,2.38,1.50
2012.07.31 18:12:37.565,1.05366,1.05391,2.38,1.50
2012.07.31 18:12:37.624,1.05372,1.05393,1.50,1.50
2012.07.31 18:12:37.683,1.05372,1.05397,1.50,1.95
2012.07.31 18:12:38.195,1.05372,1.05397,2.25,1.50
2012.07.31 18:12:38.839,1.05375,1.054,1.50,2.13
2012.07.31 18:12:39.718,1.0537,1.05397,1.50,1.50
2012.07.31 18:12:40.155,1.05369,1.05393,2.25,1.50
2012.07.31 18:12:40.388,1.05366,1.05393,2.38,1.50
2012.07.31 18:12:42.327,1.05366,1.05392,2.38,2.18
2012.07.31 18:12:43.376,1.05366,1.05392,1.50,2.80
2012.07.31 18:12:43.963,1.05366,1.05393,2.25,4.30
2012.07.31 18:12:45.291,1.05366,1.05393,1.50,5.05
2012.07.31 18:12:45.733,1.05366,1.05392,1.50,2.80
2012.07.31 18:12:45.958,1.05368,1.05392,1.50,2.18
2012.07.31 18:12:46.508,1.05368,1.05392,1.50,2.80
2012.07.31 18:12:46.837,1.05364,1.05391,1.50,2.13
2012.07.31 18:12:47.688,1.05364,1.05391,1.50,1.65
2012.07.31 18:12:48.194,1.05364,1.05391,1.50,2.13
2012.07.31 18:12:51.443,1.0536,1.05387,2.38,1.50
2012.07.31 18:12:51.502,1.0536,1.05387,1.63,1.50
2012.07.31 18:12:52.819,1.0536,1.05387,2.38,1.50
2012.07.31 18:12:53.366,1.05365,1.0539,1.50,2.13
2012.07.31 18:12:57.426,1.05362,1.05386,1.50,1.50
2012.07.31 18:12:57.539,1.05358,1.05383,1.50,1.50
2012.07.31 18:12:58.298,1.05356,1.05383,2.38,1.50
2012.07.31 18:12:58.375,1.05361,1.05385,2.25,1.50
2012.07.31 18:12:59.133,1.05361,1.05386,2.25,2.13
2012.07.31 18:12:59.965,1.05361,1.05386,2.25,2.13
2012.07.31 18:13:01.598,1.05361,1.05386,2.25,2.13
2012.07.31 18:13:02.149,1.05361,1.05386,1.50,2.13
2012.07.31 18:13:05.858,1.05361,1.05386,1.50,1.50
2012.07.31 18:13:08.489,1.05359,1.05383,1.50,1.50
2012.07.31 18:13:09.007,1.05356,1.05383,2.38,1.50
2012.07.31 18:13:13.268,1.05356,1.05383,2.25,2.13
2012.07.31 18:13:13.746,1.05355,1.0538,1.50,1.50
2012.07.31 18:13:14.158,1.05359,1.05382,1.50,2.18
2012.07.31 18:13:15.596,1.05356,1.0538,2.25,1.50
2012.07.31 18:13:19.626,1.05355,1.0538,1.50,1.50
2012.07.31 18:13:19.829,1.05355,1.05379,2.25,1.50
2012.07.31 18:13:20.321,1.0535,1.05377,2.38,1.50
2012.07.31 18:13:21.608,1.05354,1.05381,1.63,1.50
2012.07.31 18:13:21.826,1.05354,1.05381,2.38,1.50
2012.07.31 18:13:22.715,1.05359,1.05382,1.50,3.68
2012.07.31 18:13:23.915,1.05357,1.0538,1.50,1.50
2012.07.31 18:13:24.625,1.05355,1.0538,2.25,1.50
2012.07.31 18:13:25.872,1.05355,1.0538,1.50,1.50
2012.07.31 18:13:26.425,1.05355,1.0538,2.25,1.50
2012.07.31 18:13:27.117,1.05355,1.0538,2.25,1.50
2012.07.31 18:13:27.176,1.05358,1.05382,1.50,2.80
2012.07.31 18:13:29.436,1.05358,1.05382,1.50,2.80
2012.07.31 18:13:30.451,1.05358,1.05382,1.50,2.80
2012.07.31 18:13:32.009,1.05354,1.05381,2.25,1.50
2012.07.31 18:13:33.998,1.05358,1.05382,1.50,2.18
2012.07.31 18:13:34.640,1.05354,1.05381,2.25,1.50
2012.07.31 18:13:35.636,1.05354,1.05381,1.50,2.13
2012.07.31 18:13:36.167,1.05354,1.05381,2.25,1.50
2012.07.31 18:13:48.481,1.05353,1.05377,2.38,1.50
2012.07.31 18:13:48.760,1.0535,1.05377,2.38,1.50
2012.07.31 18:13:48.873,1.05349,1.05373,2.38,1.50
2012.07.31 18:13:48.936,1.0535,1.05376,2.38,1.50
2012.07.31 18:13:49.454,1.0535,1.05377,2.38,1.50
2012.07.31 18:13:50.817,1.0535,1.05377,2.38,1.50
2012.07.31 18:13:51.030,1.05354,1.05381,1.50,1.50
2012.07.31 18:13:51.260,1.05354,1.05381,2.25,1.50
2012.07.31 18:13:53.409,1.05354,1.05381,1.63,1.50
2012.07.31 18:13:53.468,1.05352,1.05376,2.38,1.50
2012.07.31 18:13:53.784,1.05351,1.05376,2.38,1.50
2012.07.31 18:13:55.263,1.05354,1.05379,2.38,1.50
2012.07.31 18:13:55.322,1.05354,1.05381,2.38,1.50
2012.07.31 18:13:55.447,1.05354,1.05381,1.63,1.50
2012.07.31 18:13:55.827,1.05354,1.05377,1.50,1.50
2012.07.31 18:13:55.939,1.05354,1.0538,1.50,1.50
2012.07.31 18:13:56.328,1.05354,1.0538,2.38,1.50
2012.07.31 18:13:58.406,1.05353,1.05377,2.38,1.50
2012.07.31 18:13:58.964,1.05355,1.05379,2.38,1.50
2012.07.31 18:13:59.079,1.05353,1.05375,2.38,1.50
2012.07.31 18:13:59.246,1.05348,1.05375,2.38,1.50
2012.07.31 18:13:59.306,1.05348,1.05375,2.38,1.50
2012.07.31 18:13:59.967,1.05348,1.05375,1.63,1.50
2012.07.31 18:14:06.589,1.0535,1.05375,1.50,1.50
2012.07.31 18:14:06.648,1.05353,1.05378,1.50,2.88
2012.07.31 18:14:07.823,1.05353,1.05373,1.50,2.18
2012.07.31 18:14:09.249,1.05355,1.05373,1.50,2.18
2012.07.31 18:14:09.362,1.05357,1.05382,1.50,3.68
2012.07.31 18:14:09.421,1.05357,1.05382,1.50,4.30
2012.07.31 18:14:09.934,1.05357,1.05382,1.50,2.13
2012.07.31 18:14:11.832,1.05357,1.05382,1.50,2.13
2012.07.31 18:14:15.077,1.05357,1.05382,1.50,2.13
2012.07.31 18:14:17.442,1.0536,1.05383,1.50,2.80
2012.07.31 18:14:17.554,1.05358,1.05384,1.50,2.88
2012.07.31 18:14:17.780,1.05359,1.05384,1.50,2.88
2012.07.31 18:14:18.098,1.05357,1.05383,1.50,2.80
2012.07.31 18:14:20.180,1.05357,1.05383,1.50,2.80
2012.07.31 18:14:20.634,1.05357,1.05383,1.50,2.80
2012.07.31 18:14:20.746,1.05357,1.05383,1.50,2.80
2012.07.31 18:14:20.988,1.05357,1.05383,1.50,2.80
2012.07.31 18:14:21.677,1.05357,1.05383,1.50,2.80
2012.07.31 18:14:23.558,1.05359,1.05383,1.50,2.80
2012.07.31 18:14:23.619,1.05359,1.05384,1.50,2.25
2012.07.31 18:14:23.679,1.05361,1.05385,1.50,1.38
2012.07.31 18:14:25.793,1.05361,1.05385,1.50,1.38
2012.07.31 18:14:26.138,1.05359,1.05383,1.50,2.25
2012.07.31 18:14:26.196,1.05356,1.05383,1.50,2.25
2012.07.31 18:14:26.309,1.05359,1.05383,1.50,2.25
2012.07.31 18:14:26.649,1.05361,1.05385,1.50,2.88
2012.07.31 18:14:26.708,1.05358,1.05383,1.50,2.25
2012.07.31 18:14:26.909,1.05361,1.05385,1.50,1.38
2012.07.31 18:14:27.263,1.05355,1.05382,1.63,1.50
2012.07.31 18:14:27.429,1.05359,1.05382,1.50,1.50
2012.07.31 18:14:27.741,1.05361,1.05385,1.50,1.38
2012.07.31 18:14:28.148,1.05365,1.05385,1.50,1.38
2012.07.31 18:14:28.259,1.0536,1.05385,1.50,1.38
2012.07.31 18:14:28.318,1.0536,1.05387,1.50,2.13
2012.07.31 18:14:28.857,1.0536,1.05385,1.50,1.38
2012.07.31 18:14:31.687,1.05361,1.05385,1.50,1.38
2012.07.31 18:14:31.954,1.05361,1.05384,1.50,1.38
2012.07.31 18:14:32.243,1.05358,1.05382,1.50,2.80
2012.07.31 18:14:33.445,1.05364,1.05382,1.50,2.80
2012.07.31 18:14:33.558,1.05358,1.05382,1.50,2.18
2012.07.31 18:14:35.030,1.05362,1.05383,1.50,2.80
2012.07.31 18:14:35.089,1.05358,1.05383,1.50,2.13
2012.07.31 18:14:35.737,1.05358,1.05382,1.50,2.18
2012.07.31 18:14:40.351,1.05361,1.05382,1.50,2.18
2012.07.31 18:14:40.659,1.05365,1.05382,1.50,2.18
2012.07.31 18:14:40.940,1.0536,1.05382,1.50,2.18
2012.07.31 18:14:41.655,1.05358,1.05382,3.00,3.68
2012.07.31 18:14:41.768,1.05358,1.05382,1.50,4.30
2012.07.31 18:14:42.840,1.05358,1.05379,1.50,1.38
2012.07.31 18:14:44.918,1.05358,1.05382,1.50,4.45
2012.07.31 18:14:45.834,1.05358,1.05379,1.50,1.38
2012.07.31 18:14:49.097,1.05358,1.05382,1.50,4.45
2012.07.31 18:14:49.155,1.05358,1.05382,1.50,3.83
2012.07.31 18:14:49.375,1.05358,1.05382,1.50,5.18
2012.07.31 18:14:56.654,1.05355,1.05379,1.50,1.38
2012.07.31 18:14:57.807,1.05354,1.0538,1.50,2.25
2012.07.31 18:14:58.027,1.05359,1.05382,1.50,2.13
2012.07.31 18:14:58.391,1.05359,1.05383,1.50,1.50
2012.07.31 18:15:00.318,1.05359,1.05383,1.50,2.25
2012.07.31 18:15:00.540,1.05355,1.05382,1.63,2.25
2012.07.31 18:15:00.598,1.05355,1.05379,1.50,1.38
2012.07.31 18:15:01.141,1.05355,1.05381,1.50,1.38
2012.07.31 18:15:02.783,1.05355,1.05382,1.63,4.43
2012.07.31 18:15:02.846,1.05357,1.05382,2.18,1.50
2012.07.31 18:15:03.138,1.05359,1.05384,1.50,4.38
2012.07.31 18:15:03.454,1.05357,1.0538,2.18,1.50
2012.07.31 18:15:04.145,1.05355,1.0538,1.63,1.50
2012.07.31 18:15:04.370,1.05355,1.05382,1.63,1.50
2012.07.31 18:15:04.431,1.05355,1.05382,1.63,1.50
2012.07.31 18:15:04.670,1.05355,1.05382,1.50,1.50
2012.07.31 18:15:08.237,1.05355,1.05382,1.50,4.43
2012.07.31 18:15:08.822,1.05355,1.05382,1.63,4.43
2012.07.31 18:15:08.898,1.05355,1.05382,1.63,3.68
2012.07.31 18:15:10.145,1.05355,1.0538,1.50,1.38
2012.07.31 18:15:10.727,1.05355,1.05382,1.63,4.43
2012.07.31 18:15:10.785,1.05355,1.05382,1.63,1.50
2012.07.31 18:15:15.459,1.05357,1.05382,1.50,1.50
2012.07.31 18:15:15.803,1.05359,1.05383,1.50,2.80
2012.07.31 18:15:15.862,1.05357,1.05384,1.50,2.88
2012.07.31 18:15:16.291,1.05357,1.05384,1.63,2.25
2012.07.31 18:15:16.832,1.0536,1.05387,1.50,2.25
2012.07.31 18:15:18.197,1.0536,1.05387,1.50,1.50
2012.07.31 18:15:18.413,1.0536,1.05387,1.50,2.25
2012.07.31 18:15:19.010,1.05357,1.05383,1.63,2.25
2012.07.31 18:15:19.539,1.05357,1.05383,1.50,4.43
2012.07.31 18:15:30.718,1.0535,1.05375,1.50,1.50
2012.07.31 18:15:31.152,1.05353,1.05377,1.50,1.50
2012.07.31 18:15:31.702,1.05353,1.05378,1.50,1.38
2012.07.31 18:15:35.628,1.05353,1.0538,1.50,1.50
2012.07.31 18:15:37.530,1.05353,1.0538,1.50,2.25
2012.07.31 18:15:37.748,1.05353,1.0538,1.50,2.25
2012.07.31 18:15:38.684,1.05353,1.05374,1.50,1.38
2012.07.31 18:15:38.744,1.0535,1.05374,1.50,1.38
2012.07.31 18:15:38.804,1.0535,1.05377,1.50,2.25
2012.07.31 18:15:39.478,1.0535,1.05377,1.63,2.25
2012.07.31 18:15:39.849,1.05354,1.0538,1.50,1.38
2012.07.31 18:15:40.201,1.05359,1.0538,1.50,1.38
2012.07.31 18:15:41.164,1.05354,1.0538,1.50,1.38
2012.07.31 18:15:45.875,1.05354,1.05377,1.50,1.38
2012.07.31 18:15:46.123,1.05354,1.05377,1.50,1.38
2012.07.31 18:15:46.860,1.05354,1.05377,1.50,1.38
2012.07.31 18:15:47.431,1.05348,1.05372,1.50,4.43
2012.07.31 18:15:47.545,1.05344,1.05371,1.50,2.25
2012.07.31 18:15:48.570,1.05344,1.05369,1.50,1.38
2012.07.31 18:15:49.255,1.0534,1.05367,1.50,1.50
2012.07.31 18:15:50.273,1.05344,1.05369,1.50,2.88
2012.07.31 18:15:50.810,1.05344,1.0537,1.50,1.38
2012.07.31 18:15:51.141,1.05348,1.05373,1.50,3.75
2012.07.31 18:15:51.578,1.0535,1.05375,1.50,2.25
2012.07.31 18:15:51.853,1.05348,1.05372,2.31,2.25
2012.07.31 18:15:53.259,1.0535,1.05375,1.50,2.25
2012.07.31 18:15:54.342,1.0535,1.05375,1.50,2.25
2012.07.31 18:15:54.401,1.05348,1.05372,3.81,2.25
2012.07.31 18:15:54.625,1.05343,1.05368,1.63,2.25
2012.07.31 18:15:55.663,1.05343,1.05368,1.50,2.88
2012.07.31 18:15:55.821,1.0534,1.05365,1.50,2.25
2012.07.31 18:15:55.880,1.05338,1.05365,2.38,2.25
2012.07.31 18:15:56.140,1.05338,1.05365,2.38,1.50
2012.07.31 18:15:56.307,1.05342,1.05369,1.63,2.25
2012.07.31 18:15:56.591,1.05339,1.05366,1.63,1.50
2012.07.31 18:15:56.942,1.05343,1.05368,1.50,1.50
2012.07.31 18:15:57.487,1.05343,1.0537,1.50,2.88
2012.07.31 18:15:57.815,1.05346,1.0537,1.50,1.38
2012.07.31 18:16:17.152,1.05346,1.05371,1.50,1.38
2012.07.31 18:16:17.395,1.05341,1.05367,1.63,2.25
2012.07.31 18:16:17.943,1.05338,1.0536,3.68,1.50
2012.07.31 18:16:18.110,1.05338,1.05362,3.68,1.50
2012.07.31 18:16:18.169,1.05338,1.0536,3.68,2.25
2012.07.31 18:16:18.336,1.05337,1.05364,3.81,2.85
2012.07.31 18:16:18.450,1.05342,1.05367,1.50,2.25
2012.07.31 18:16:18.509,1.05342,1.05367,1.50,1.50
2012.07.31 18:16:18.568,1.05345,1.0537,1.50,2.88
2012.07.31 18:16:21.100,1.05343,1.05367,1.50,1.50
2012.07.31 18:16:21.319,1.05342,1.05367,1.50,2.25
2012.07.31 18:16:26.425,1.05342,1.05367,1.63,2.25
2012.07.31 18:16:26.484,1.05346,1.05371,1.50,2.25
2012.07.31 18:16:30.678,1.05348,1.05371,1.50,2.25
2012.07.31 18:16:31.035,1.05346,1.05371,1.50,2.25
2012.07.31 18:16:33.718,1.05342,1.05367,1.63,1.50
2012.07.31 18:16:34.119,1.05342,1.05367,1.50,2.25
2012.07.31 18:16:40.902,1.05342,1.05367,1.50,1.50
2012.07.31 18:16:41.341,1.05344,1.05367,1.50,1.50
2012.07.31 18:16:41.400,1.05345,1.05372,1.50,2.25
2012.07.31 18:16:52.345,1.05345,1.05369,1.50,1.38
2012.07.31 18:16:52.458,1.05342,1.05367,1.50,1.50
2012.07.31 18:16:52.951,1.05345,1.05369,1.50,2.88
2012.07.31 18:16:53.386,1.05343,1.05368,1.50,2.13
2012.07.31 18:16:53.446,1.05341,1.05368,1.50,2.13
2012.07.31 18:16:59.595,1.05341,1.05368,1.50,2.88
2012.07.31 18:17:03.151,1.05338,1.05364,2.31,2.25
2012.07.31 18:17:08.450,1.0534,1.05367,1.63,1.50
2012.07.31 18:17:08.562,1.05343,1.05367,1.63,1.50
2012.07.31 18:17:08.674,1.05344,1.05371,1.63,2.25
2012.07.31 18:17:10.859,1.05344,1.05369,1.50,1.38
2012.07.31 18:17:10.973,1.05341,1.05366,1.50,2.25
2012.07.31 18:17:11.495,1.0534,1.05367,1.50,2.25
2012.07.31 18:17:13.128,1.0534,1.05367,1.50,1.50
2012.07.31 18:17:13.187,1.0534,1.05367,1.63,1.50
2012.07.31 18:17:14.032,1.0534,1.05367,1.63,1.50
2012.07.31 18:17:15.232,1.05345,1.05369,1.50,2.25
2012.07.31 18:17:15.762,1.05345,1.0537,1.50,2.25
2012.07.31 18:17:17.603,1.05342,1.05366,1.50,1.50
2012.07.31 18:17:18.162,1.05341,1.05366,1.50,1.50
2012.07.31 18:17:18.880,1.05341,1.05366,2.25,1.50
2012.07.31 18:17:19.436,1.05341,1.05366,2.38,1.50
2012.07.31 18:17:19.602,1.05345,1.05369,1.50,1.50
2012.07.31 18:17:19.730,1.05345,1.05372,1.50,2.13
2012.07.31 18:17:21.538,1.05345,1.05372,1.50,2.13
2012.07.31 18:17:21.876,1.05343,1.05368,1.50,1.50
2012.07.31 18:17:21.936,1.05341,1.05368,1.50,1.50
2012.07.31 18:17:22.976,1.05346,1.0537,1.50,2.88
2012.07.31 18:17:23.361,1.05348,1.05371,1.50,2.25
2012.07.31 18:17:23.421,1.05348,1.05371,1.50,1.50
2012.07.31 18:17:23.480,1.05349,1.05375,1.50,2.88
2012.07.31 18:17:25.382,1.05349,1.05371,1.50,1.38
2012.07.31 18:17:25.441,1.05347,1.05371,1.50,2.88
2012.07.31 18:17:26.911,1.05347,1.05371,1.50,1.50
2012.07.31 18:17:29.312,1.05349,1.05371,1.50,1.50
2012.07.31 18:17:29.849,1.05351,1.05375,1.50,2.88
2012.07.31 18:17:30.241,1.05351,1.05375,1.50,2.13
2012.07.31 18:17:30.545,1.05354,1.05378,1.50,1.50
2012.07.31 18:17:34.386,1.05354,1.05378,1.50,2.88
2012.07.31 18:17:34.552,1.0535,1.05374,1.63,2.25
2012.07.31 18:17:37.848,1.05348,1.05372,2.31,1.50
2012.07.31 18:17:38.962,1.0535,1.05374,1.63,2.25
2012.07.31 18:17:57.130,1.0535,1.05374,1.63,1.50
2012.07.31 18:17:57.242,1.05351,1.05376,1.50,1.50
2012.07.31 18:17:58.135,1.05354,1.05378,1.50,2.88
2012.07.31 18:18:05.461,1.05354,1.05377,1.50,1.50
2012.07.31 18:18:05.626,1.0535,1.05374,1.50,2.25
2012.07.31 18:18:15.328,1.05347,1.0537,1.50,1.50
2012.07.31 18:18:15.865,1.05346,1.0537,3.00,1.50
2012.07.31 18:18:16.030,1.05347,1.05374,1.50,2.25
2012.07.31 18:18:16.367,1.05347,1.05371,1.50,1.50
2012.07.31 18:18:16.437,1.05343,1.0537,1.63,1.50
2012.07.31 18:18:16.983,1.05343,1.0537,1.63,2.25
2012.07.31 18:18:17.506,1.05345,1.0537,1.63,1.50
2012.07.31 18:18:17.564,1.05347,1.05374,1.50,2.88
2012.07.31 18:18:18.093,1.05347,1.05374,1.63,2.25
2012.07.31 18:18:20.277,1.05351,1.05376,1.50,1.50
2012.07.31 18:18:20.389,1.05351,1.05378,1.50,2.25
2012.07.31 18:18:21.122,1.05351,1.05378,1.50,2.88
2012.07.31 18:18:21.497,1.0535,1.05375,1.63,1.50
2012.07.31 18:18:22.164,1.0535,1.05375,1.63,2.25
2012.07.31 18:18:29.097,1.0535,1.05375,1.63,2.25
2012.07.31 18:18:33.366,1.0535,1.05375,1.50,2.88
2012.07.31 18:18:34.178,1.05352,1.05377,1.50,2.25
2012.07.31 18:18:37.048,1.05348,1.05375,3.81,2.25
2012.07.31 18:18:38.137,1.05348,1.05375,3.68,2.88
2012.07.31 18:18:44.735,1.05348,1.05372,1.50,1.50
2012.07.31 18:18:44.793,1.05345,1.0537,1.63,1.50
2012.07.31 18:18:45.010,1.05345,1.0537,1.63,2.25
2012.07.31 18:18:45.311,1.05345,1.0537,1.63,1.50
2012.07.31 18:18:45.480,1.05348,1.05372,1.50,1.50
2012.07.31 18:18:45.539,1.05348,1.05375,1.50,2.88
2012.07.31 18:18:47.657,1.05348,1.05375,1.63,2.25
2012.07.31 18:18:48.161,1.05355,1.05376,1.50,2.25
2012.07.31 18:18:49.427,1.05355,1.05378,1.50,1.38
2012.07.31 18:18:49.646,1.05357,1.05383,1.50,2.88
2012.07.31 18:18:49.777,1.05354,1.05378,1.50,2.25
2012.07.31 18:18:54.325,1.05355,1.05382,1.50,2.88
2012.07.31 18:18:55.738,1.05352,1.05379,1.63,2.25
2012.07.31 18:18:57.186,1.05352,1.05379,1.63,2.25
2012.07.31 18:18:57.415,1.05352,1.05379,1.63,2.25
2012.07.31 18:18:57.491,1.05352,1.05379,1.63,2.25
2012.07.31 18:18:57.757,1.05352,1.05379,1.63,2.25
2012.07.31 18:19:02.997,1.05358,1.05379,2.31,2.25
2012.07.31 18:19:03.494,1.05358,1.05374,2.18,1.50
2012.07.31 18:19:03.659,1.05358,1.05383,3.68,2.88
2012.07.31 18:19:03.878,1.05358,1.0538,2.18,1.50
2012.07.31 18:19:03.991,1.0536,1.05385,1.50,2.25
2012.07.31 18:19:08.628,1.05358,1.05382,2.31,1.50
2012.07.31 18:19:14.540,1.0536,1.05385,1.50,2.25
2012.07.31 18:19:15.834,1.05363,1.05388,1.50,3.63
2012.07.31 18:19:17.505,1.05358,1.05385,3.81,2.25
2012.07.31 18:19:29.370,1.05358,1.05384,3.68,1.38
2012.07.31 18:19:29.429,1.05358,1.05384,3.68,1.38
2012.07.31 18:19:29.947,1.05358,1.05385,3.81,2.25
2012.07.31 18:19:30.064,1.05358,1.05384,3.68,1.38
2012.07.31 18:19:32.114,1.05358,1.05385,3.81,2.25
2012.07.31 18:19:32.674,1.05358,1.0538,2.18,2.25
2012.07.31 18:19:34.318,1.05358,1.05373,2.18,1.50
2012.07.31 18:19:34.898,1.05358,1.05382,2.18,2.25
2012.07.31 18:19:36.019,1.05358,1.05382,2.18,1.50
2012.07.31 18:19:36.446,1.05355,1.0538,1.50,1.38
2012.07.31 18:19:39.341,1.05351,1.05378,1.63,2.25
2012.07.31 18:19:39.454,1.05355,1.05378,1.50,1.38
2012.07.31 18:19:39.568,1.0535,1.05375,1.50,1.50
2012.07.31 18:19:39.981,1.05353,1.05378,1.50,1.38
2012.07.31 18:19:41.894,1.05353,1.05378,1.50,2.25
2012.07.31 18:19:47.989,1.05355,1.05378,1.50,2.25
2012.07.31 18:19:48.350,1.05357,1.05381,1.50,1.38
2012.07.31 18:19:55.474,1.05355,1.05378,1.50,1.38
2012.07.31 18:19:55.587,1.05354,1.05376,1.50,1.50
2012.07.31 18:19:55.913,1.05353,1.05377,1.50,1.38
2012.07.31 18:20:00.449,1.05351,1.05375,1.50,1.38
2012.07.31 18:20:00.508,1.05349,1.05375,1.50,1.38
2012.07.31 18:20:20.374,1.05348,1.05375,3.00,1.38
2012.07.31 18:20:31.340,1.05359,1.05376,1.50,1.38
2012.07.31 18:20:31.398,1.05359,1.05377,1.50,2.13
2012.07.31 18:20:31.458,1.05351,1.05377,1.50,2.13
2012.07.31 18:20:31.943,1.05354,1.05379,1.50,2.88
2012.07.31 18:20:36.629,1.05354,1.05379,1.50,2.88
2012.07.31 18:20:37.175,1.05354,1.05379,1.50,2.88
2012.07.31 18:20:37.905,1.0535,1.05378,1.63,1.50
2012.07.31 18:20:37.964,1.05355,1.05379,1.50,2.25
2012.07.31 18:20:43.558,1.05355,1.0538,1.50,2.25
2012.07.31 18:20:44.645,1.05351,1.05376,1.63,2.25
2012.07.31 18:20:47.252,1.05349,1.05375,1.63,2.25
2012.07.31 18:20:51.765,1.05349,1.05375,1.63,2.25
2012.07.31 18:20:55.434,1.05354,1.0538,1.50,3.00
2012.07.31 18:20:57.202,1.05351,1.05378,1.63,2.25
2012.07.31 18:20:57.518,1.05351,1.05378,1.63,1.50
2012.07.31 18:20:58.855,1.05351,1.05378,1.63,2.25
2012.07.31 18:21:00.918,1.0535,1.05375,1.63,1.50
2012.07.31 18:21:01.656,1.0535,1.05375,1.63,1.50
2012.07.31 18:21:02.459,1.0535,1.05375,1.63,1.50
2012.07.31 18:21:04.073,1.05353,1.05377,1.50,1.50
2012.07.31 18:21:05.337,1.05351,1.05375,1.63,1.50
2012.07.31 18:21:09.052,1.05354,1.05379,1.50,2.25
2012.07.31 18:21:12.975,1.05354,1.05379,1.63,2.25
2012.07.31 18:21:13.077,1.05357,1.05382,1.50,2.25
2012.07.31 18:21:13.350,1.05355,1.0538,1.63,2.25
2012.07.31 18:21:13.492,1.05355,1.0538,2.23,1.50
2012.07.31 18:21:13.659,1.05358,1.05384,2.18,2.25
2012.07.31 18:21:13.719,1.05357,1.05382,1.50,1.38
2012.07.31 18:21:13.779,1.05352,1.05379,2.08,2.25
2012.07.31 18:21:13.998,1.05351,1.05375,1.63,1.50
2012.07.31 18:21:15.602,1.05355,1.05379,1.63,2.25
2012.07.31 18:21:19.176,1.05353,1.05376,1.63,1.50
2012.07.31 18:21:20.262,1.05348,1.05368,4.41,1.50
2012.07.31 18:21:20.391,1.05348,1.05373,4.41,1.50
2012.07.31 18:21:21.657,1.05348,1.05373,4.41,2.25
2012.07.31 18:21:22.055,1.05357,1.05381,1.50,1.50
2012.07.31 18:21:23.760,1.05356,1.05377,1.50,2.25
2012.07.31 18:21:24.518,1.05353,1.05377,1.63,2.25
2012.07.31 18:21:24.766,1.05353,1.05377,1.63,1.50
2012.07.31 18:21:27.196,1.0535,1.05375,1.63,1.50
2012.07.31 18:21:30.687,1.05352,1.05378,1.63,1.50
2012.07.31 18:21:31.123,1.0535,1.05375,1.63,1.50
2012.07.31 18:21:31.440,1.05352,1.05377,1.63,1.50
2012.07.31 18:21:31.553,1.05352,1.05378,2.23,1.50
2012.07.31 18:21:32.097,1.05357,1.05381,1.50,2.25
2012.07.31 18:21:32.238,1.05355,1.05379,1.50,2.25
2012.07.31 18:21:32.824,1.05354,1.05379,1.50,2.25
2012.07.31 18:21:32.883,1.05353,1.05377,1.50,1.50
2012.07.31 18:21:34.750,1.05349,1.05376,1.63,1.50
2012.07.31 18:21:35.841,1.05349,1.05376,1.63,1.50
2012.07.31 18:21:37.336,1.05353,1.0538,1.63,2.25
2012.07.31 18:21:37.875,1.05353,1.0538,1.86,1.50
2012.07.31 18:21:38.222,1.0535,1.05375,2.46,1.50
2012.07.31 18:21:38.336,1.05352,1.05378,2.46,1.50
2012.07.31 18:21:38.450,1.0535,1.05375,1.63,1.50
2012.07.31 18:21:38.779,1.0535,1.05375,1.63,1.50
2012.07.31 18:21:38.893,1.05352,1.05378,1.63,1.50
2012.07.31 18:21:39.061,1.05355,1.0538,1.63,1.50
2012.07.31 18:21:39.122,1.05355,1.0538,1.63,2.25
2012.07.31 18:21:39.917,1.05353,1.05377,1.63,1.50
2012.07.31 18:21:41.258,1.0535,1.05374,1.63,1.50
2012.07.31 18:21:41.796,1.05349,1.05374,1.86,1.50
2012.07.31 18:21:42.124,1.05352,1.05376,1.63,1.50
2012.07.31 18:21:42.464,1.05355,1.0538,1.63,2.25
2012.07.31 18:21:42.886,1.05352,1.05376,1.63,1.50
2012.07.31 18:21:46.077,1.0535,1.0537,2.23,1.50
2012.07.31 18:21:46.191,1.05351,1.05378,2.23,2.25
2012.07.31 18:21:46.358,1.05352,1.05377,1.63,2.25
2012.07.31 18:21:47.047,1.05348,1.05374,2.31,2.25
2012.07.31 18:21:47.555,1.05347,1.05374,2.98,1.50
2012.07.31 18:21:49.268,1.05347,1.05374,2.38,1.50
2012.07.31 18:21:49.499,1.05351,1.05376,1.50,1.50
2012.07.31 18:21:49.560,1.05351,1.05376,1.63,1.50
2012.07.31 18:21:49.867,1.05348,1.05373,3.13,1.50
2012.07.31 18:21:49.981,1.05348,1.05373,1.63,1.50
2012.07.31 18:21:50.530,1.05352,1.05376,1.50,1.50
2012.07.31 18:21:50.589,1.05352,1.05378,1.50,2.88
2012.07.31 18:21:50.648,1.05351,1.05376,1.63,1.50
2012.07.31 18:21:51.137,1.05352,1.05378,1.63,3.75
2012.07.31 18:21:51.692,1.05352,1.05378,1.63,2.25
2012.07.31 18:21:53.732,1.05352,1.05378,2.08,2.25
2012.07.31 18:21:54.271,1.05352,1.05378,2.08,2.25
2012.07.31 18:21:54.837,1.05352,1.05378,2.08,2.25
2012.07.31 18:21:55.475,1.05352,1.05378,2.08,2.25
2012.07.31 18:21:56.080,1.05352,1.05378,2.08,2.25
2012.07.31 18:21:57.428,1.05352,1.05378,2.83,1.50
2012.07.31 18:21:58.162,1.05352,1.05378,2.83,1.50
2012.07.31 18:22:00.522,1.05355,1.05381,1.63,1.50
2012.07.31 18:22:02.688,1.05355,1.05379,1.63,1.50
2012.07.31 18:22:03.141,1.05353,1.05378,2.08,1.50
2012.07.31 18:22:03.361,1.05352,1.05376,1.33,1.50
2012.07.31 18:22:03.948,1.05352,1.05374,1.33,1.50
2012.07.31 18:22:04.113,1.05352,1.05378,2.83,1.50
2012.07.31 18:22:04.331,1.05352,1.05375,1.33,1.50
2012.07.31 18:22:06.388,1.05352,1.05378,2.83,1.50
2012.07.31 18:22:06.447,1.05355,1.05378,1.63,1.50
2012.07.31 18:22:06.667,1.05357,1.05383,2.31,2.25
2012.07.31 18:22:06.839,1.05361,1.05386,1.63,1.50
2012.07.31 18:22:06.898,1.05361,1.05385,1.63,2.25
2012.07.31 18:22:07.232,1.05358,1.0538,2.31,1.50
2012.07.31 18:22:10.391,1.05358,1.05378,2.31,1.50
2012.07.31 18:22:10.818,1.05358,1.05376,2.31,1.50
2012.07.31 18:22:10.883,1.05352,1.05376,1.63,1.50
2012.07.31 18:22:11.074,1.05354,1.0538,1.63,1.50
2012.07.31 18:22:18.337,1.05354,1.0538,1.63,2.25
2012.07.31 18:22:27.787,1.05352,1.05376,1.63,1.50
2012.07.31 18:22:28.984,1.05355,1.05378,1.63,1.50
2012.07.31 18:22:29.641,1.05355,1.05379,1.63,1.50
2012.07.31 18:22:30.747,1.05351,1.05375,2.38,1.50
2012.07.31 18:22:31.249,1.05351,1.05375,1.63,1.50
2012.07.31 18:22:31.361,1.05351,1.05375,1.63,1.50
2012.07.31 18:22:31.685,1.05351,1.05375,1.63,1.50
2012.07.31 18:22:31.853,1.05347,1.05372,3.28,1.50
2012.07.31 18:22:32.127,1.05345,1.05372,1.63,1.50
2012.07.31 18:22:32.664,1.05345,1.05372,1.63,1.50
2012.07.31 18:22:33.206,1.05345,1.05372,1.63,1.50
2012.07.31 18:22:33.266,1.05344,1.05368,2.08,1.50
2012.07.31 18:22:33.671,1.05344,1.05368,2.08,1.50
2012.07.31 18:22:34.253,1.05346,1.05371,1.63,1.50
2012.07.31 18:22:34.756,1.05346,1.05371,1.63,1.50
2012.07.31 18:22:34.815,1.05344,1.05368,3.58,1.50
2012.07.31 18:22:35.504,1.05346,1.05371,1.63,1.50
2012.07.31 18:22:36.193,1.0535,1.05374,1.50,2.88
2012.07.31 18:22:36.795,1.0535,1.05376,1.63,2.25
2012.07.31 18:22:41.999,1.05353,1.05378,1.50,4.38
2012.07.31 18:22:42.110,1.05349,1.05373,1.86,1.50
2012.07.31 18:22:51.903,1.05352,1.05378,1.50,1.38
2012.07.31 18:22:53.926,1.0535,1.05376,1.63,2.25
2012.07.31 18:22:54.715,1.05348,1.05371,4.03,1.50
2012.07.31 18:22:55.134,1.05349,1.05374,1.63,2.25
2012.07.31 18:22:56.866,1.05349,1.05376,1.63,2.25
2012.07.31 18:22:57.136,1.05348,1.05371,3.90,1.50
2012.07.31 18:22:57.621,1.05348,1.05375,1.73,2.25
2012.07.31 18:23:00.848,1.05348,1.05375,1.63,2.25
2012.07.31 18:23:01.484,1.05351,1.05378,1.50,2.25
2012.07.31 18:23:02.530,1.05351,1.05378,1.63,2.25
2012.07.31 18:23:03.647,1.05351,1.05378,1.63,1.50
2012.07.31 18:23:03.859,1.05351,1.05378,1.63,3.60
2012.07.31 18:23:04.081,1.05351,1.05377,1.63,1.50
2012.07.31 18:23:04.192,1.05351,1.05377,1.50,2.13
2012.07.31 18:23:04.251,1.05351,1.05377,1.50,1.50
2012.07.31 18:23:04.423,1.05348,1.05375,1.63,1.50
2012.07.31 18:23:04.753,1.05348,1.05375,1.63,2.25
2012.07.31 18:23:04.879,1.05348,1.05375,1.63,1.50
2012.07.31 18:23:05.138,1.05348,1.05375,1.63,2.25
2012.07.31 18:23:05.649,1.05353,1.05378,1.50,2.25
2012.07.31 18:23:06.106,1.05353,1.05378,1.63,2.25
2012.07.31 18:23:06.219,1.05353,1.05378,1.63,1.50
2012.07.31 18:23:08.133,1.05353,1.05378,1.63,1.50
2012.07.31 18:23:08.299,1.05353,1.05378,1.63,2.25
2012.07.31 18:23:13.455,1.05353,1.05378,1.63,1.50
2012.07.31 18:23:13.514,1.05353,1.05378,1.63,1.50
2012.07.31 18:23:16.623,1.05353,1.05378,1.63,1.50
2012.07.31 18:23:16.796,1.05353,1.05378,1.63,1.50
2012.07.31 18:23:22.766,1.05353,1.05378,1.50,1.50
2012.07.31 18:23:22.932,1.05353,1.05378,1.50,2.25
2012.07.31 18:23:23.477,1.05352,1.05376,1.18,2.25
2012.07.31 18:23:24.329,1.05352,1.05379,2.68,2.25
2012.07.31 18:23:24.502,1.05356,1.0538,1.50,1.38
2012.07.31 18:23:24.723,1.05356,1.05382,1.63,2.18
2012.07.31 18:23:25.474,1.05356,1.05383,1.63,1.50
2012.07.31 18:23:25.682,1.05356,1.05383,1.63,2.25
2012.07.31 18:23:28.887,1.05356,1.05383,1.63,2.25
2012.07.31 18:23:28.999,1.05356,1.0538,1.63,2.25
2012.07.31 18:23:29.596,1.05353,1.05378,1.63,1.50
2012.07.31 18:23:29.817,1.05357,1.05382,1.63,1.50
2012.07.31 18:23:30.002,1.05357,1.05382,3.81,1.50
2012.07.31 18:23:32.945,1.0536,1.05385,1.63,2.25
2012.07.31 18:23:34.034,1.05357,1.05383,2.31,1.50
2012.07.31 18:23:34.768,1.05361,1.05386,1.63,2.25
2012.07.31 18:23:35.915,1.05361,1.05386,1.63,2.25
2012.07.31 18:23:37.603,1.05359,1.05382,1.63,1.50
2012.07.31 18:23:38.033,1.0536,1.05385,1.63,2.25
2012.07.31 18:23:38.935,1.05359,1.05383,1.63,1.50
2012.07.31 18:23:39.048,1.05358,1.05383,1.50,1.50
2012.07.31 18:23:39.107,1.05358,1.05383,1.50,2.25
2012.07.31 18:23:39.305,1.05358,1.05383,1.50,1.50
2012.07.31 18:23:40.335,1.05355,1.05377,1.63,1.50
2012.07.31 18:23:40.556,1.0535,1.05377,1.63,1.50
2012.07.31 18:23:40.668,1.05349,1.05374,2.68,1.50
2012.07.31 18:23:41.111,1.05351,1.05376,1.63,3.00
2012.07.31 18:23:41.648,1.05351,1.05376,1.63,1.50
2012.07.31 18:23:43.075,1.05351,1.05376,1.63,1.50
2012.07.31 18:23:43.868,1.05351,1.05376,1.63,1.50
2012.07.31 18:23:44.503,1.05351,1.05376,1.63,1.50
2012.07.31 18:23:46.159,1.05351,1.05376,2.38,1.50
2012.07.31 18:23:52.255,1.05351,1.05376,2.38,1.50
2012.07.31 18:23:52.671,1.05354,1.05378,1.63,1.50
2012.07.31 18:23:52.731,1.05354,1.05381,2.38,1.50
2012.07.31 18:23:53.047,1.05354,1.05381,1.63,1.50
2012.07.31 18:23:53.449,1.0535,1.05377,2.38,1.50
2012.07.31 18:23:54.319,1.05354,1.05379,1.63,3.00
2012.07.31 18:23:55.614,1.05354,1.05379,2.38,1.50
2012.07.31 18:23:56.125,1.05354,1.05379,1.63,1.50
2012.07.31 18:23:57.027,1.05354,1.05379,1.50,1.50
2012.07.31 18:23:59.912,1.05354,1.05379,2.25,1.50
2012.07.31 18:24:00.026,1.05357,1.05382,2.25,3.00
2012.07.31 18:24:11.348,1.05358,1.05382,2.18,1.50
2012.07.31 18:24:11.899,1.05357,1.05382,3.68,2.13
2012.07.31 18:24:12.012,1.05357,1.05381,3.81,1.50
2012.07.31 18:24:13.329,1.05357,1.0538,2.31,1.50
2012.07.31 18:24:13.443,1.0535,1.05374,2.25,1.50
2012.07.31 18:24:13.915,1.05348,1.05372,3.06,1.50
2012.07.31 18:24:14.030,1.05349,1.05374,2.38,1.50
2012.07.31 18:24:14.090,1.05349,1.05374,1.63,1.50
2012.07.31 18:24:14.339,1.05349,1.05374,1.63,1.50
2012.07.31 18:24:14.956,1.05349,1.05374,2.38,1.50
2012.07.31 18:24:15.178,1.05349,1.05374,2.38,1.50
2012.07.31 18:24:15.452,1.05349,1.05374,2.38,1.50
2012.07.31 18:24:15.626,1.05351,1.05374,1.48,1.50
2012.07.31 18:24:15.739,1.05351,1.05374,1.48,1.50
2012.07.31 18:24:15.977,1.05351,1.05378,2.98,1.50
2012.07.31 18:24:19.593,1.05354,1.05381,1.63,1.50
2012.07.31 18:24:19.893,1.05354,1.05381,2.38,1.50
2012.07.31 18:24:20.350,1.0536,1.05387,1.63,2.25
2012.07.31 18:24:20.766,1.0536,1.05387,1.63,1.50
2012.07.31 18:24:21.515,1.0536,1.05387,1.63,1.50
2012.07.31 18:24:21.779,1.0536,1.05385,1.63,1.50
2012.07.31 18:24:22.120,1.05358,1.05383,1.50,1.50
2012.07.31 18:24:22.668,1.05358,1.05382,1.50,1.50
2012.07.31 18:24:22.728,1.05354,1.05379,1.63,1.50
2012.07.31 18:24:23.480,1.05354,1.05379,1.63,1.50
2012.07.31 18:24:33.196,1.05354,1.05378,1.63,1.50
2012.07.31 18:24:33.523,1.05352,1.05376,1.63,1.50
2012.07.31 18:24:33.690,1.05357,1.05376,3.06,1.50
2012.07.31 18:24:33.803,1.05357,1.05382,3.06,1.50
2012.07.31 18:24:34.005,1.05357,1.05382,3.06,1.50
2012.07.31 18:24:34.331,1.05357,1.05382,3.06,1.50
2012.07.31 18:24:34.444,1.05357,1.05382,2.31,1.50
2012.07.31 18:24:34.664,1.05359,1.05382,1.63,1.50
2012.07.31 18:24:34.831,1.05352,1.05379,2.38,1.50
2012.07.31 18:24:34.950,1.05352,1.05379,2.38,1.50
2012.07.31 18:24:37.166,1.05352,1.05379,1.63,1.50
2012.07.31 18:24:37.667,1.05352,1.05379,2.38,1.50
2012.07.31 18:24:37.885,1.05356,1.05381,1.63,1.50
2012.07.31 18:24:38.238,1.05356,1.05381,1.50,2.13
2012.07.31 18:24:38.511,1.05356,1.05381,1.50,1.50
2012.07.31 18:24:39.055,1.05356,1.05381,1.50,2.13
2012.07.31 18:24:39.865,1.05356,1.05381,1.50,1.50
2012.07.31 18:24:41.477,1.05356,1.05381,1.63,1.50
2012.07.31 18:24:42.570,1.05356,1.05381,1.63,1.50
2012.07.31 18:24:42.918,1.05357,1.05381,3.06,1.50
2012.07.31 18:24:43.228,1.05358,1.05385,1.63,1.50
2012.07.31 18:24:43.344,1.05358,1.05385,1.63,1.50
2012.07.31 18:24:43.617,1.05362,1.05389,1.63,2.25
2012.07.31 18:24:44.547,1.05362,1.05389,1.63,2.25
2012.07.31 18:24:44.691,1.05358,1.05385,1.86,1.50
2012.07.31 18:24:45.132,1.05362,1.05389,2.38,1.50
2012.07.31 18:24:45.458,1.05367,1.05389,2.18,1.50
2012.07.31 18:24:45.797,1.05367,1.05389,2.31,1.50
2012.07.31 18:24:46.234,1.05362,1.05387,2.38,1.50
2012.07.31 18:24:46.347,1.05359,1.05384,2.38,1.50
2012.07.31 18:24:50.533,1.05359,1.05384,1.63,1.50
2012.07.31 18:24:50.644,1.05359,1.05384,1.63,1.50
2012.07.31 18:24:50.863,1.05359,1.05384,1.86,1.50
2012.07.31 18:24:51.188,1.05359,1.05384,1.86,1.50
2012.07.31 18:24:52.477,1.05357,1.05384,6.28,1.50
2012.07.31 18:24:52.542,1.05358,1.05385,1.86,1.50
2012.07.31 18:24:52.656,1.05358,1.05385,2.61,1.50
2012.07.31 18:24:52.994,1.0536,1.05385,1.48,1.50
2012.07.31 18:24:53.216,1.05363,1.05388,1.63,1.50
2012.07.31 18:24:53.770,1.05363,1.05387,1.50,2.13
2012.07.31 18:24:54.122,1.05358,1.05385,2.38,1.50
2012.07.31 18:24:54.398,1.05363,1.05387,1.63,1.50
2012.07.31 18:24:54.719,1.05363,1.05388,2.38,1.50
2012.07.31 18:24:55.073,1.05363,1.05388,2.38,1.50
2012.07.31 18:24:55.607,1.05363,1.05389,2.38,1.50
2012.07.31 18:24:55.928,1.05362,1.05385,2.38,1.50
2012.07.31 18:24:55.987,1.05363,1.05389,1.63,1.50
2012.07.31 18:24:56.154,1.05363,1.05389,1.63,1.50
2012.07.31 18:24:56.535,1.0536,1.05384,1.63,1.50
2012.07.31 18:24:56.854,1.05356,1.0538,2.38,1.50
2012.07.31 18:24:57.384,1.0536,1.05386,1.63,1.50
2012.07.31 18:24:58.304,1.0536,1.05386,1.63,1.50
2012.07.31 18:24:58.883,1.05365,1.05389,1.63,2.25
2012.07.31 18:24:59.130,1.05359,1.05385,2.38,1.50
2012.07.31 18:25:00.359,1.05364,1.05388,1.63,1.50
2012.07.31 18:25:00.634,1.05366,1.05388,1.63,1.50
2012.07.31 18:25:00.694,1.05368,1.05392,1.63,1.50
2012.07.31 18:25:01.168,1.05363,1.05389,1.63,1.50
2012.07.31 18:25:03.585,1.05363,1.05389,1.63,1.50
2012.07.31 18:25:04.158,1.05366,1.05389,1.63,1.50
2012.07.31 18:25:04.217,1.05367,1.05392,1.50,2.18
2012.07.31 18:25:04.276,1.05367,1.0539,1.50,1.50
2012.07.31 18:25:04.944,1.05363,1.05389,1.63,1.50
2012.07.31 18:25:05.755,1.05362,1.05385,1.63,1.50
2012.07.31 18:25:06.309,1.05364,1.05388,1.63,1.50
2012.07.31 18:25:08.003,1.05364,1.05388,1.63,1.50
2012.07.31 18:25:08.494,1.05367,1.05392,1.63,1.50
2012.07.31 18:25:08.820,1.05367,1.05392,1.63,1.50
2012.07.31 18:25:08.933,1.05367,1.05392,1.63,1.50
2012.07.31 18:25:09.101,1.05362,1.05389,2.38,1.50
2012.07.31 18:25:09.653,1.05362,1.05389,2.38,1.50
2012.07.31 18:25:10.173,1.05364,1.05389,1.63,1.50
2012.07.31 18:25:10.395,1.05366,1.05392,2.38,1.50
2012.07.31 18:25:10.454,1.05366,1.05392,2.38,1.50
2012.07.31 18:25:10.780,1.05365,1.05389,1.63,1.50
2012.07.31 18:25:11.075,1.05364,1.05389,2.38,1.50
2012.07.31 18:25:11.687,1.05366,1.05392,2.38,1.50
2012.07.31 18:25:12.266,1.05366,1.05393,2.38,4.30
2012.07.31 18:25:12.383,1.05366,1.05391,2.38,1.50
2012.07.31 18:25:12.737,1.05364,1.05389,1.48,1.50
2012.07.31 18:25:12.796,1.05364,1.05389,1.48,1.50
2012.07.31 18:25:13.671,1.05363,1.05387,1.63,1.50
2012.07.31 18:25:14.264,1.05363,1.05387,1.50,1.50
2012.07.31 18:25:14.390,1.05363,1.05385,1.50,1.50
2012.07.31 18:25:14.506,1.05363,1.05387,1.50,3.00
2012.07.31 18:25:14.647,1.0536,1.05386,2.38,1.50
2012.07.31 18:25:14.729,1.0536,1.05383,2.38,1.50
2012.07.31 18:25:15.067,1.05357,1.05381,2.38,1.50
2012.07.31 18:25:15.126,1.05358,1.05383,2.38,3.00
2012.07.31 18:25:15.488,1.05361,1.05385,2.25,3.00
2012.07.31 18:25:17.009,1.05361,1.05383,2.25,1.50
2012.07.31 18:25:17.457,1.05356,1.05381,3.88,1.50
2012.07.31 18:25:17.515,1.05358,1.05384,2.38,1.50
2012.07.31 18:25:17.681,1.05356,1.05381,2.38,1.50
2012.07.31 18:25:18.148,1.05358,1.05384,2.38,3.00
2012.07.31 18:25:18.940,1.05363,1.05386,1.50,1.50
2012.07.31 18:25:19.457,1.05363,1.05387,1.50,1.50
2012.07.31 18:25:19.783,1.05361,1.05387,1.50,1.50
2012.07.31 18:25:20.910,1.05361,1.05382,1.50,2.18
2012.07.31 18:25:21.131,1.05358,1.05384,1.63,1.50
2012.07.31 18:25:21.190,1.0536,1.05386,1.63,1.50
2012.07.31 18:25:21.694,1.05364,1.05391,1.50,2.25
2012.07.31 18:25:21.859,1.05364,1.05391,2.23,2.25
2012.07.31 18:25:21.918,1.05367,1.05391,3.06,1.50
2012.07.31 18:25:22.084,1.05367,1.05393,3.06,1.50
2012.07.31 18:25:22.667,1.05372,1.05397,1.63,1.50
2012.07.31 18:25:22.833,1.05372,1.05397,2.38,1.50
2012.07.31 18:25:23.559,1.05373,1.05396,1.63,1.50
2012.07.31 18:25:23.672,1.05369,1.05394,2.38,1.50
2012.07.31 18:25:23.897,1.05369,1.05394,2.38,1.50
2012.07.31 18:25:24.278,1.05373,1.05399,2.38,1.50
2012.07.31 18:25:24.629,1.05378,1.05403,2.31,1.50
2012.07.31 18:25:25.181,1.05378,1.05403,2.18,2.13
2012.07.31 18:25:25.462,1.05377,1.054,2.25,1.50
2012.07.31 18:25:25.657,1.05373,1.05399,1.63,1.50
2012.07.31 18:25:26.169,1.05373,1.05397,1.63,1.50
2012.07.31 18:25:26.232,1.05369,1.05396,2.68,1.50
2012.07.31 18:25:26.345,1.05369,1.05396,2.68,1.50
2012.07.31 18:25:26.458,1.05369,1.05394,1.93,1.50
2012.07.31 18:25:26.829,1.05368,1.05392,2.61,1.50
2012.07.31 18:25:28.605,1.05368,1.05392,3.06,1.50
2012.07.31 18:25:29.093,1.05371,1.05395,2.38,1.50
2012.07.31 18:25:29.595,1.05371,1.05396,1.63,1.50
2012.07.31 18:25:31.942,1.05368,1.05394,3.81,1.50
2012.07.31 18:25:32.711,1.05372,1.05397,1.50,1.50
2012.07.31 18:25:33.633,1.05372,1.05397,1.50,2.88
2012.07.31 18:25:33.692,1.05372,1.05396,1.50,1.38
2012.07.31 18:25:34.017,1.05372,1.05391,1.50,1.50
2012.07.31 18:25:34.238,1.05368,1.05393,1.50,2.13
2012.07.31 18:25:34.742,1.05368,1.05393,1.50,1.50
2012.07.31 18:25:34.805,1.05362,1.05386,3.73,1.50
2012.07.31 18:25:34.918,1.05365,1.0539,1.50,1.50
2012.07.31 18:25:35.030,1.05365,1.0539,1.63,1.50
2012.07.31 18:25:35.144,1.05368,1.05395,1.50,2.13
2012.07.31 18:25:35.543,1.05365,1.05392,1.63,1.50
2012.07.31 18:25:36.092,1.05365,1.05392,1.63,1.50
2012.07.31 18:25:36.642,1.05365,1.05392,1.63,1.50
2012.07.31 18:25:36.995,1.0537,1.05395,1.50,1.50
2012.07.31 18:25:38.726,1.0537,1.05395,2.38,1.50
2012.07.31 18:25:38.882,1.0537,1.05395,1.63,1.50
2012.07.31 18:25:39.828,1.0537,1.05395,2.38,1.50
2012.07.31 18:25:42.326,1.0537,1.05395,1.63,1.50
2012.07.31 18:25:42.392,1.0537,1.05395,2.38,1.50
2012.07.31 18:25:44.084,1.0537,1.05395,1.63,1.50
2012.07.31 18:25:44.575,1.05368,1.05392,2.38,1.50
2012.07.31 18:25:44.689,1.05369,1.05394,1.63,1.50
2012.07.31 18:25:44.748,1.05369,1.05396,1.63,1.50
2012.07.31 18:25:44.806,1.05367,1.05392,2.38,1.50
2012.07.31 18:25:45.262,1.05364,1.05389,1.18,1.50
2012.07.31 18:25:45.483,1.05366,1.05393,2.38,1.50
2012.07.31 18:25:47.789,1.05366,1.05392,2.38,1.50
2012.07.31 18:25:47.955,1.05364,1.05387,1.93,1.50
2012.07.31 18:25:48.014,1.05364,1.05387,1.80,1.50
2012.07.31 18:25:48.073,1.05362,1.05384,1.18,1.50
2012.07.31 18:25:48.599,1.0536,1.05384,1.63,1.50
2012.07.31 18:25:48.659,1.05364,1.05387,1.50,1.50
2012.07.31 18:25:48.772,1.05364,1.05389,1.50,2.25
2012.07.31 18:25:48.830,1.05361,1.05387,3.13,1.50
2012.07.31 18:25:49.103,1.05361,1.05387,1.63,1.50
2012.07.31 18:25:55.716,1.0536,1.05387,2.25,2.13
2012.07.31 18:25:55.883,1.05364,1.05388,1.50,2.13
2012.07.31 18:25:56.130,1.05367,1.05393,2.25,4.30
2012.07.31 18:25:57.159,1.05366,1.05388,2.25,1.50
2012.07.31 18:25:58.404,1.05362,1.05384,1.63,1.50
2012.07.31 18:25:58.518,1.05363,1.05386,1.50,1.50
2012.07.31 18:25:58.577,1.05363,1.05389,1.50,1.50
2012.07.31 18:25:59.061,1.05362,1.05385,2.25,1.50
2012.07.31 18:26:00.432,1.05363,1.05385,1.63,1.50
2012.07.31 18:26:00.492,1.05364,1.0539,2.38,1.50
2012.07.31 18:26:02.622,1.05364,1.0539,1.50,2.13
2012.07.31 18:26:03.807,1.05363,1.05386,1.50,1.50
2012.07.31 18:26:03.921,1.0536,1.05386,2.38,1.50
2012.07.31 18:26:05.014,1.05363,1.05387,1.50,1.50
2012.07.31 18:26:05.322,1.05363,1.05388,2.25,1.50
2012.07.31 18:26:05.990,1.05367,1.05391,1.50,1.50
2012.07.31 18:26:06.553,1.05367,1.05392,1.50,1.50
2012.07.31 18:26:08.640,1.05366,1.05393,2.25,1.50
2012.07.31 18:26:08.913,1.05366,1.05393,1.63,1.50
2012.07.31 18:26:09.187,1.05365,1.05392,1.63,1.50
2012.07.31 18:26:09.781,1.05365,1.05392,2.38,1.50
2012.07.31 18:26:10.711,1.05368,1.05393,1.63,1.50
2012.07.31 18:26:10.771,1.05368,1.05395,1.63,1.50
2012.07.31 18:26:11.107,1.05368,1.05395,1.50,2.13
2012.07.31 18:26:11.430,1.05365,1.0539,2.38,1.50
2012.07.31 18:26:12.849,1.05365,1.0539,1.63,1.50
2012.07.31 18:26:13.985,1.05368,1.05395,1.63,1.50
2012.07.31 18:26:15.550,1.05368,1.05395,3.13,1.50
2012.07.31 18:26:15.885,1.05384,1.05409,1.50,2.13
2012.07.31 18:26:16.159,1.05384,1.05408,1.50,1.38
2012.07.31 18:26:16.272,1.05384,1.05408,1.50,1.38
2012.07.31 18:26:16.332,1.05384,1.05408,1.50,2.88
2012.07.31 18:26:16.392,1.05378,1.05403,1.63,1.50
2012.07.31 18:26:16.565,1.05381,1.05408,1.63,2.25
2012.07.31 18:26:16.774,1.05381,1.05408,1.63,2.88
2012.07.31 18:26:16.909,1.05381,1.05408,1.63,2.25
2012.07.31 18:26:18.045,1.05381,1.05408,1.63,1.50
2012.07.31 18:26:19.393,1.05381,1.05408,1.63,1.50
2012.07.31 18:26:20.402,1.05385,1.0541,1.50,3.63
2012.07.31 18:26:20.905,1.05385,1.0541,1.63,1.50
2012.07.31 18:26:21.411,1.05383,1.05408,1.50,1.50
2012.07.31 18:26:21.980,1.05382,1.05406,1.50,1.50
2012.07.31 18:26:22.416,1.05379,1.05403,1.63,1.50
2012.07.31 18:26:22.942,1.05383,1.05406,1.50,2.25
2012.07.31 18:26:23.114,1.05376,1.05403,1.63,1.50
2012.07.31 18:26:23.295,1.05376,1.05403,2.38,1.50
2012.07.31 18:26:23.408,1.05376,1.05403,2.38,1.50
2012.07.31 18:26:24.469,1.05376,1.05403,2.38,1.50
2012.07.31 18:26:25.131,1.05376,1.05403,1.63,2.25
2012.07.31 18:26:25.190,1.05376,1.05403,1.63,2.25
2012.07.31 18:26:25.707,1.05375,1.05401,1.63,3.00
2012.07.31 18:26:26.280,1.05375,1.05401,1.63,1.50
2012.07.31 18:26:32.998,1.05375,1.05401,1.63,1.50
2012.07.31 18:26:33.165,1.05378,1.05402,1.50,1.50
2012.07.31 18:26:33.225,1.05378,1.05405,1.50,2.13
2012.07.31 18:26:33.445,1.05378,1.05405,1.50,2.13
2012.07.31 18:26:33.768,1.05377,1.05401,1.50,1.50
2012.07.31 18:26:33.881,1.05374,1.05401,1.63,1.50
2012.07.31 18:26:33.994,1.05373,1.05395,1.63,1.50
2012.07.31 18:26:34.214,1.05373,1.05394,1.50,1.50
2012.07.31 18:26:34.411,1.05369,1.05394,1.63,1.50
2012.07.31 18:26:34.470,1.05369,1.05394,1.63,1.50
2012.07.31 18:26:34.818,1.05369,1.05394,1.50,2.88
2012.07.31 18:26:35.265,1.05369,1.05392,1.50,2.80
2012.07.31 18:26:35.432,1.05364,1.05391,1.50,2.13
2012.07.31 18:26:35.873,1.05368,1.05392,1.50,2.80
2012.07.31 18:26:35.986,1.05368,1.05392,1.50,2.18
2012.07.31 18:26:36.045,1.05368,1.05394,1.50,1.38
2012.07.31 18:26:36.158,1.05368,1.05392,1.50,2.18
2012.07.31 18:26:36.386,1.05368,1.05394,1.50,1.38
2012.07.31 18:26:36.553,1.05364,1.05391,1.50,1.50
2012.07.31 18:26:36.774,1.05364,1.05391,1.50,2.13
2012.07.31 18:26:37.230,1.05362,1.05386,1.50,1.50
2012.07.31 18:26:37.289,1.05363,1.0539,1.50,2.13
2012.07.31 18:26:38.161,1.05362,1.05388,1.63,1.50
2012.07.31 18:26:38.275,1.05359,1.05383,1.50,1.50
2012.07.31 18:26:38.631,1.05356,1.05383,2.38,1.50
2012.07.31 18:26:38.923,1.05361,1.05386,2.25,2.13
2012.07.31 18:26:39.479,1.05365,1.05388,1.50,2.13
2012.07.31 18:26:39.538,1.05365,1.0539,1.50,1.50
2012.07.31 18:26:39.898,1.05367,1.05393,1.50,2.25
2012.07.31 18:26:40.477,1.05366,1.05391,1.63,1.50
2012.07.31 18:26:41.356,1.05364,1.05391,1.63,2.25
2012.07.31 18:26:41.850,1.05364,1.05391,1.63,1.50
2012.07.31 18:26:44.502,1.05364,1.05389,1.63,1.50
2012.07.31 18:26:44.743,1.05364,1.05391,2.38,1.50
2012.07.31 18:26:46.053,1.05364,1.05391,2.25,2.13
2012.07.31 18:26:46.112,1.05364,1.05389,1.50,1.38
2012.07.31 18:26:46.386,1.05361,1.05386,1.63,1.50
2012.07.31 18:26:49.607,1.05361,1.05386,1.50,2.13
2012.07.31 18:26:49.881,1.05358,1.05384,1.50,2.13
2012.07.31 18:26:50.410,1.05357,1.05384,1.63,2.13
2012.07.31 18:26:51.380,1.05361,1.05385,1.50,1.50
2012.07.31 18:26:51.913,1.05361,1.05386,1.50,1.50
2012.07.31 18:26:52.240,1.05358,1.05377,1.50,1.50
2012.07.31 18:26:52.300,1.0535,1.05377,2.38,1.50
2012.07.31 18:26:52.466,1.0535,1.05377,1.50,2.13
2012.07.31 18:26:52.680,1.0535,1.05377,2.38,1.50
2012.07.31 18:26:53.290,1.0535,1.05377,1.50,2.13
2012.07.31 18:26:53.349,1.0535,1.05377,1.50,2.73
2012.07.31 18:26:53.516,1.05346,1.05373,2.25,1.50
2012.07.31 18:26:54.225,1.05346,1.05373,2.38,1.50
2012.07.31 18:26:54.458,1.05352,1.05375,1.50,1.50
2012.07.31 18:26:54.517,1.05352,1.05379,1.50,1.50
2012.07.31 18:26:54.792,1.05357,1.0538,1.50,2.88
2012.07.31 18:26:55.120,1.05357,1.05376,1.50,1.50
2012.07.31 18:26:55.558,1.0535,1.05375,1.63,1.50
2012.07.31 18:26:55.670,1.0535,1.05375,1.50,1.50
2012.07.31 18:26:55.782,1.0535,1.05375,1.50,2.13
2012.07.31 18:26:55.863,1.0535,1.05375,1.50,1.50
2012.07.31 18:27:01.713,1.0535,1.05373,1.50,1.50
2012.07.31 18:27:01.790,1.05345,1.05372,2.38,1.50
2012.07.31 18:27:02.358,1.0535,1.05375,1.50,1.50
2012.07.31 18:27:09.081,1.0535,1.05375,1.50,2.25
2012.07.31 18:27:12.620,1.05347,1.05372,3.13,1.50
2012.07.31 18:27:12.930,1.05341,1.05367,2.38,1.50
2012.07.31 18:27:13.601,1.05343,1.05369,1.63,2.25
2012.07.31 18:27:13.712,1.05343,1.05369,1.63,1.50
2012.07.31 18:27:13.880,1.05348,1.05371,1.63,1.50
2012.07.31 18:27:13.939,1.05348,1.05373,1.63,2.25
2012.07.31 18:27:14.481,1.05348,1.05373,1.50,2.88
2012.07.31 18:27:14.864,1.0534,1.05365,2.38,1.50
2012.07.31 18:27:15.133,1.05342,1.05365,1.63,1.50
2012.07.31 18:27:15.441,1.05344,1.05369,1.50,1.50
2012.07.31 18:27:15.501,1.05344,1.05369,2.25,1.50
2012.07.31 18:27:15.920,1.05344,1.05369,1.50,1.50
2012.07.31 18:27:16.502,1.05344,1.05369,1.63,1.50
2012.07.31 18:27:17.127,1.05344,1.05369,1.63,2.25
2012.07.31 18:27:20.241,1.05344,1.05369,1.50,2.88
2012.07.31 18:27:20.763,1.05344,1.05369,1.50,2.13
2012.07.31 18:27:21.620,1.05349,1.05373,1.50,1.38
2012.07.31 18:27:21.960,1.05352,1.05379,1.50,2.88
2012.07.31 18:27:23.117,1.05348,1.05375,1.50,1.50
2012.07.31 18:27:23.741,1.05348,1.05375,1.63,1.50
2012.07.31 18:27:24.121,1.05352,1.05379,1.63,2.25
2012.07.31 18:27:27.441,1.05352,1.05379,1.63,1.50
2012.07.31 18:27:27.501,1.05357,1.05382,1.50,1.50
2012.07.31 18:27:32.342,1.05354,1.05378,1.63,1.50
2012.07.31 18:27:32.747,1.05357,1.05382,1.50,1.50
2012.07.31 18:27:32.969,1.05357,1.05382,1.50,2.25
2012.07.31 18:27:33.489,1.05356,1.05381,1.50,2.25
2012.07.31 18:27:33.656,1.05356,1.05381,1.50,1.50
2012.07.31 18:27:33.715,1.05353,1.05377,1.63,1.50
2012.07.31 18:27:35.406,1.05356,1.0538,1.50,1.50
2012.07.31 18:27:35.763,1.0536,1.05383,1.50,1.50
2012.07.31 18:27:35.875,1.05356,1.05381,1.50,1.50
2012.07.31 18:27:39.702,1.05356,1.05381,1.63,1.50
2012.07.31 18:27:40.378,1.05356,1.05381,1.50,2.88
2012.07.31 18:27:41.352,1.05354,1.05377,1.50,1.50
2012.07.31 18:27:41.413,1.05352,1.05377,1.50,1.50
2012.07.31 18:27:47.005,1.05352,1.05377,2.38,1.50
2012.07.31 18:27:51.284,1.05356,1.05381,1.50,1.50
2012.07.31 18:27:52.265,1.05356,1.05382,1.63,1.50
2012.07.31 18:27:52.731,1.05354,1.05379,1.63,1.50
2012.07.31 18:27:56.390,1.05358,1.05383,1.50,4.43
2012.07.31 18:27:56.692,1.05354,1.05379,1.63,1.50
2012.07.31 18:27:56.917,1.05354,1.05379,1.50,1.50
2012.07.31 18:27:59.222,1.0535,1.05375,2.38,1.50
2012.07.31 18:27:59.281,1.0535,1.05375,1.63,1.50
2012.07.31 18:28:00.464,1.0535,1.05375,2.38,1.50
2012.07.31 18:28:00.576,1.05353,1.0538,1.50,2.13
2012.07.31 18:28:02.206,1.05353,1.0538,1.50,2.88
2012.07.31 18:28:02.707,1.05353,1.0538,1.50,2.13
2012.07.31 18:28:04.780,1.05351,1.05376,1.50,1.50
2012.07.31 18:28:05.205,1.05347,1.05372,1.63,1.50
2012.07.31 18:28:05.265,1.0535,1.05377,1.63,1.50
2012.07.31 18:28:07.635,1.0535,1.05377,2.38,1.50
2012.07.31 18:28:07.956,1.05359,1.05384,1.50,2.88
2012.07.31 18:28:08.373,1.05354,1.05381,1.63,1.50
2012.07.31 18:28:09.312,1.05354,1.05381,1.50,2.13
2012.07.31 18:28:09.637,1.05352,1.05377,2.38,1.50
2012.07.31 18:28:14.429,1.05352,1.05377,1.63,1.50
2012.07.31 18:28:15.013,1.05356,1.05381,1.63,2.25
2012.07.31 18:28:18.582,1.05356,1.05381,1.63,1.50
2012.07.31 18:28:19.132,1.05356,1.05381,1.63,2.25
2012.07.31 18:28:19.689,1.0535,1.05377,1.63,1.50
2012.07.31 18:28:21.701,1.0535,1.05375,1.63,1.50
2012.07.31 18:28:22.688,1.05346,1.05373,2.38,1.50
2012.07.31 18:28:22.984,1.05351,1.05376,1.63,1.50
2012.07.31 18:28:23.074,1.05351,1.05376,1.63,1.50
2012.07.31 18:28:23.765,1.05351,1.05376,1.63,1.50
2012.07.31 18:28:24.978,1.05355,1.0538,1.63,2.25
2012.07.31 18:28:27.753,1.05351,1.05376,1.63,1.50
2012.07.31 18:28:28.684,1.05351,1.05376,2.38,1.50
2012.07.31 18:28:28.795,1.05352,1.05379,2.38,1.50
2012.07.31 18:28:29.071,1.05352,1.05379,1.63,2.25
2012.07.31 18:28:29.336,1.05352,1.05373,1.63,1.50
2012.07.31 18:28:29.504,1.05348,1.05371,2.31,1.50
2012.07.31 18:28:29.616,1.05346,1.05371,2.38,1.50
2012.07.31 18:28:29.783,1.05346,1.05371,2.38,1.50
2012.07.31 18:28:30.963,1.05344,1.05368,1.63,1.50
2012.07.31 18:28:31.075,1.05345,1.05372,1.63,1.50
2012.07.31 18:28:32.994,1.05345,1.05372,1.63,1.50
2012.07.31 18:28:34.870,1.05345,1.05372,1.63,1.50
2012.07.31 18:28:35.009,1.05345,1.05372,1.63,2.25
2012.07.31 18:28:35.136,1.05345,1.05372,1.63,1.50
2012.07.31 18:28:36.493,1.05348,1.05375,1.50,2.25
2012.07.31 18:28:36.551,1.05347,1.05369,1.63,1.50
2012.07.31 18:28:37.935,1.05344,1.05369,1.63,1.50
2012.07.31 18:28:38.260,1.05348,1.05373,1.63,1.50
2012.07.31 18:28:38.588,1.05352,1.05376,1.63,2.25
2012.07.31 18:28:38.700,1.05349,1.05375,1.63,2.25
2012.07.31 18:28:38.812,1.05347,1.05371,2.23,1.50
2012.07.31 18:28:39.138,1.05347,1.05371,3.66,1.50
2012.07.31 18:28:40.502,1.05347,1.05372,3.66,1.50
2012.07.31 18:28:41.065,1.05349,1.05374,1.63,1.50
2012.07.31 18:28:41.293,1.05347,1.0537,3.66,1.50
2012.07.31 18:28:46.292,1.05347,1.0537,3.66,1.50
2012.07.31 18:28:46.512,1.0535,1.05375,1.63,1.50
2012.07.31 18:28:46.572,1.0535,1.05375,1.63,1.50
2012.07.31 18:28:46.632,1.05347,1.05372,2.38,1.50
2012.07.31 18:28:48.179,1.05347,1.05372,2.38,1.50
2012.07.31 18:28:48.345,1.0535,1.05377,1.63,1.50
2012.07.31 18:28:49.900,1.05349,1.05373,1.63,1.50
2012.07.31 18:28:49.959,1.05347,1.05373,3.06,1.50
2012.07.31 18:28:50.072,1.0535,1.05377,1.63,1.50
2012.07.31 18:28:50.592,1.0535,1.05377,1.63,1.50
2012.07.31 18:28:51.143,1.0535,1.05377,1.63,1.50
2012.07.31 18:28:51.541,1.05349,1.05373,1.63,1.50
2012.07.31 18:28:54.476,1.05351,1.05376,1.50,1.50
2012.07.31 18:29:02.382,1.05351,1.05376,2.25,1.50
2012.07.31 18:29:02.493,1.05351,1.05376,2.38,1.50
2012.07.31 18:29:02.831,1.05355,1.0538,1.50,1.50
2012.07.31 18:29:04.305,1.05353,1.05377,1.63,1.50
2012.07.31 18:29:04.816,1.05354,1.05379,1.63,1.50
2012.07.31 18:29:04.874,1.05354,1.05381,1.63,1.50
2012.07.31 18:29:07.347,1.0535,1.05377,2.38,1.50
2012.07.31 18:29:10.845,1.05355,1.0538,1.50,1.50
2012.07.31 18:29:11.561,1.05355,1.05378,1.50,1.50
2012.07.31 18:29:11.895,1.05351,1.05376,2.38,1.50
2012.07.31 18:29:14.036,1.05354,1.05381,1.63,1.50
2012.07.31 18:29:14.190,1.05354,1.05378,1.63,1.50
2012.07.31 18:29:14.582,1.05351,1.05376,2.38,1.50
2012.07.31 18:29:27.998,1.05354,1.05378,1.63,1.50
2012.07.31 18:29:28.057,1.05354,1.05381,1.63,1.50
2012.07.31 18:29:31.796,1.05354,1.05381,1.63,1.50
2012.07.31 18:29:31.866,1.05354,1.05381,2.38,1.50
2012.07.31 18:29:34.293,1.05354,1.05381,1.63,1.50
2012.07.31 18:29:35.336,1.05354,1.05378,1.63,1.50
2012.07.31 18:29:35.745,1.05351,1.05376,2.38,1.50
2012.07.31 18:29:35.804,1.05358,1.05383,1.50,1.50
2012.07.31 18:29:37.535,1.05363,1.05385,1.50,2.13
2012.07.31 18:29:37.807,1.05363,1.05388,1.50,2.88
2012.07.31 18:29:37.869,1.0536,1.05383,1.63,1.50
2012.07.31 18:29:43.875,1.05362,1.05387,1.50,1.50
2012.07.31 18:29:53.727,1.05362,1.05387,1.63,1.50
2012.07.31 18:29:53.928,1.05364,1.0539,1.63,1.50
2012.07.31 18:29:54.738,1.05364,1.05391,1.63,1.50
2012.07.31 18:29:55.526,1.05364,1.05391,1.50,2.13
2012.07.31 18:29:55.978,1.05364,1.05387,1.50,1.50
2012.07.31 18:29:56.083,1.05359,1.05386,2.38,1.50
2012.07.31 18:30:00.149,1.05364,1.05387,1.50,1.50
2012.07.31 18:30:00.208,1.05364,1.05389,1.50,1.50
2012.07.31 18:30:00.614,1.05361,1.05385,2.25,1.50
2012.07.31 18:30:00.736,1.05363,1.0539,1.50,2.13
2012.07.31 18:30:01.773,1.05363,1.0539,2.10,2.13
2012.07.31 18:30:01.918,1.05364,1.0539,1.48,1.50
2012.07.31 18:30:02.228,1.05363,1.0539,2.23,1.50
2012.07.31 18:30:02.632,1.05363,1.0539,2.23,1.50
2012.07.31 18:30:02.854,1.05363,1.0539,1.63,1.50
2012.07.31 18:30:02.916,1.05363,1.05388,1.63,1.50
2012.07.31 18:30:03.495,1.0536,1.05387,2.38,1.50
2012.07.31 18:30:03.910,1.05364,1.05391,1.63,1.50
2012.07.31 18:30:04.911,1.05364,1.05391,1.63,1.50
2012.07.31 18:30:07.191,1.05364,1.05391,1.63,1.50
2012.07.31 18:30:07.463,1.05364,1.05391,1.50,1.50
2012.07.31 18:30:07.576,1.05363,1.05386,1.63,1.50
2012.07.31 18:30:11.634,1.05361,1.05386,1.63,1.50
2012.07.31 18:30:12.144,1.05361,1.05386,2.98,1.50
2012.07.31 18:30:12.568,1.05361,1.05386,2.98,1.50
2012.07.31 18:30:12.759,1.05364,1.05389,2.23,1.50
2012.07.31 18:30:14.124,1.05365,1.05389,1.48,1.50
2012.07.31 18:30:14.269,1.05367,1.05394,2.38,1.50
2012.07.31 18:30:15.878,1.05368,1.05394,3.06,1.50
2012.07.31 18:30:16.221,1.05371,1.05398,1.63,1.50
2012.07.31 18:30:19.674,1.05371,1.05396,1.63,1.50
2012.07.31 18:30:20.719,1.05368,1.05393,3.81,1.50
2012.07.31 18:30:21.604,1.05368,1.05393,3.81,1.50
2012.07.31 18:30:21.714,1.05368,1.05393,3.81,1.50
2012.07.31 18:30:29.244,1.05368,1.05393,1.63,1.50
2012.07.31 18:30:29.411,1.05372,1.05396,1.50,1.38
2012.07.31 18:30:29.685,1.05367,1.05394,1.50,2.25
2012.07.31 18:30:30.270,1.05367,1.05394,1.63,2.25
2012.07.31 18:30:37.468,1.05367,1.05394,1.63,2.25
2012.07.31 18:30:37.526,1.05365,1.05388,2.23,1.50
2012.07.31 18:30:37.915,1.05367,1.0539,1.63,1.50
2012.07.31 18:30:37.979,1.05367,1.05392,1.63,1.50
2012.07.31 18:30:38.305,1.05359,1.05385,1.48,1.50
2012.07.31 18:30:39.933,1.05358,1.05385,2.38,1.50
2012.07.31 18:30:42.983,1.05358,1.05383,1.63,1.50
2012.07.31 18:30:43.095,1.05362,1.05385,2.25,1.50
2012.07.31 18:30:43.154,1.05362,1.05387,2.25,1.50
2012.07.31 18:30:43.213,1.05359,1.05384,4.48,1.50
2012.07.31 18:30:43.379,1.05359,1.05384,2.23,1.50
2012.07.31 18:30:43.437,1.05363,1.05387,1.63,1.50
2012.07.31 18:30:44.226,1.05363,1.05388,1.63,1.50
2012.07.31 18:30:45.645,1.05363,1.05387,1.63,1.50
2012.07.31 18:30:46.324,1.05359,1.05384,1.63,1.50
2012.07.31 18:30:47.187,1.05359,1.05384,1.63,1.50
2012.07.31 18:30:48.803,1.05352,1.05377,2.38,1.50
2012.07.31 18:30:48.970,1.05352,1.05377,2.38,1.50
2012.07.31 18:30:49.517,1.05352,1.05377,2.38,1.50
2012.07.31 18:30:50.496,1.05352,1.05377,2.38,1.50
2012.07.31 18:30:54.781,1.05352,1.05377,2.38,1.50
2012.07.31 18:30:55.784,1.05352,1.05377,1.63,1.50
2012.07.31 18:30:56.186,1.05352,1.05377,1.63,1.50
2012.07.31 18:30:56.478,1.05349,1.05373,2.38,1.50
2012.07.31 18:31:01.696,1.05347,1.05373,1.63,1.50
2012.07.31 18:31:02.258,1.05347,1.05373,1.63,1.50
2012.07.31 18:31:02.490,1.05351,1.05375,2.38,1.50
2012.07.31 18:31:02.549,1.05351,1.05377,2.38,1.50
2012.07.31 18:31:03.319,1.05351,1.05376,2.38,1.50
2012.07.31 18:31:03.529,1.05348,1.05374,2.38,1.50
2012.07.31 18:31:04.112,1.05352,1.05376,1.50,1.50
2012.07.31 18:31:04.170,1.05352,1.05378,1.50,1.50
2012.07.31 18:31:04.230,1.05354,1.0538,1.50,2.25
2012.07.31 18:31:04.713,1.05352,1.05376,1.50,1.50
2012.07.31 18:31:05.234,1.0535,1.05376,1.63,1.50
2012.07.31 18:31:10.880,1.05347,1.05371,1.63,1.50
2012.07.31 18:31:11.596,1.05347,1.05371,1.63,1.50
2012.07.31 18:31:11.988,1.05347,1.05371,1.63,1.50
2012.07.31 18:31:12.048,1.05347,1.05369,1.63,1.50
2012.07.31 18:31:12.569,1.05343,1.05368,2.38,1.50
2012.07.31 18:31:12.627,1.05344,1.0537,2.38,1.50
2012.07.31 18:31:15.970,1.05344,1.0537,1.63,1.50
2012.07.31 18:31:16.241,1.05342,1.05367,1.63,1.50
2012.07.31 18:31:20.970,1.05342,1.05367,1.63,1.50
2012.07.31 18:31:21.296,1.05342,1.05367,1.63,1.50
2012.07.31 18:31:21.407,1.05345,1.05369,1.63,2.25
2012.07.31 18:31:21.906,1.05343,1.05367,1.63,1.50
2012.07.31 18:31:22.019,1.05343,1.05367,1.63,1.50
2012.07.31 18:31:22.239,1.05343,1.05367,1.63,1.50
2012.07.31 18:31:22.352,1.05339,1.05365,1.48,1.50
2012.07.31 18:31:22.776,1.05338,1.05365,2.23,1.50
2012.07.31 18:31:24.779,1.05342,1.05369,2.38,1.50
2012.07.31 18:31:26.497,1.0534,1.05365,2.38,1.50
2012.07.31 18:31:29.708,1.05342,1.05369,1.63,1.50
2012.07.31 18:31:36.971,1.05347,1.05372,1.50,1.50
2012.07.31 18:31:37.295,1.05342,1.05369,2.38,1.50
2012.07.31 18:31:38.248,1.05345,1.05371,2.38,3.00
2012.07.31 18:31:38.606,1.05345,1.05369,2.38,1.50
2012.07.31 18:31:40.377,1.05348,1.05371,1.63,1.50
2012.07.31 18:31:40.879,1.05348,1.05372,1.63,1.50
2012.07.31 18:31:41.539,1.05348,1.05372,1.63,1.50
2012.07.31 18:31:41.657,1.05348,1.05372,1.63,1.50
2012.07.31 18:31:41.823,1.05341,1.05366,2.38,1.50
2012.07.31 18:31:41.990,1.05344,1.05371,1.63,1.50
2012.07.31 18:31:42.348,1.05344,1.05371,1.63,2.25
2012.07.31 18:31:42.695,1.05339,1.05366,1.63,1.50
2012.07.31 18:31:43.927,1.05344,1.05369,1.63,1.50
2012.07.31 18:31:46.738,1.05347,1.05372,2.38,2.18
2012.07.31 18:31:47.050,1.05347,1.0537,2.38,1.50
2012.07.31 18:31:47.918,1.05344,1.05369,2.38,1.50
2012.07.31 18:31:48.086,1.05349,1.05374,1.63,1.50
2012.07.31 18:31:48.145,1.05349,1.05376,1.63,1.50
2012.07.31 18:31:48.550,1.05349,1.05374,1.63,1.50
2012.07.31 18:31:49.015,1.05348,1.05372,1.63,1.50
2012.07.31 18:31:53.933,1.05349,1.05376,1.63,1.50
2012.07.31 18:31:54.299,1.05347,1.05371,3.88,1.50
2012.07.31 18:31:55.364,1.05359,1.05373,1.50,1.50
2012.07.31 18:31:55.477,1.05352,1.05373,1.63,1.50
2012.07.31 18:31:55.536,1.05352,1.05379,1.63,1.50
2012.07.31 18:31:55.648,1.05355,1.05382,1.63,1.50
2012.07.31 18:31:56.250,1.05354,1.05377,1.63,1.50
2012.07.31 18:31:56.309,1.05352,1.05377,1.63,1.50
2012.07.31 18:32:01.657,1.05352,1.05377,1.63,1.50
2012.07.31 18:32:10.269,1.05352,1.05377,1.63,1.50
2012.07.31 18:32:10.763,1.05349,1.05373,3.73,1.50
2012.07.31 18:32:11.610,1.0535,1.05377,1.63,1.50
2012.07.31 18:32:12.162,1.05348,1.05374,2.23,1.50
2012.07.31 18:32:22.259,1.05353,1.05376,1.50,1.50
2012.07.31 18:32:22.478,1.0535,1.05373,1.63,1.50
2012.07.31 18:32:30.920,1.05349,1.05373,2.23,1.50
2012.07.31 18:32:30.979,1.05356,1.05376,1.50,1.50
2012.07.31 18:32:31.091,1.05356,1.05382,1.50,3.68
2012.07.31 18:32:31.614,1.05353,1.05378,1.63,1.50
2012.07.31 18:32:32.292,1.05353,1.05378,1.63,1.50
2012.07.31 18:32:38.202,1.05353,1.05375,1.63,2.25
2012.07.31 18:32:38.529,1.05353,1.05372,1.63,3.68
2012.07.31 18:32:38.589,1.05353,1.05372,1.50,3.68
2012.07.31 18:32:38.702,1.05344,1.05369,1.63,1.50
2012.07.31 18:32:38.780,1.05347,1.05372,1.50,4.43
2012.07.31 18:32:38.946,1.05347,1.05374,2.25,1.50
2012.07.31 18:32:39.292,1.05345,1.05369,2.38,1.50
2012.07.31 18:32:39.825,1.05344,1.05369,1.63,1.50
2012.07.31 18:32:45.049,1.05344,1.05367,1.63,1.50
2012.07.31 18:32:46.011,1.05339,1.05366,2.38,1.50
2012.07.31 18:32:49.935,1.05344,1.05369,1.63,1.50
2012.07.31 18:32:51.598,1.05344,1.05369,1.63,1.50
2012.07.31 18:33:01.719,1.05344,1.05369,1.63,1.50
2012.07.31 18:33:08.155,1.05347,1.05372,1.63,1.50
2012.07.31 18:33:08.612,1.05346,1.0537,2.38,1.50
2012.07.31 18:33:10.874,1.05347,1.05373,1.63,2.93
2012.07.31 18:33:11.692,1.05344,1.05369,1.63,1.50
2012.07.31 18:33:15.328,1.05344,1.05369,1.63,2.25
2012.07.31 18:33:15.831,1.05344,1.05369,1.63,2.25
2012.07.31 18:33:18.984,1.05341,1.05367,1.63,1.50
2012.07.31 18:33:25.039,1.05347,1.05371,1.50,2.25
2012.07.31 18:33:25.578,1.05343,1.05367,1.63,1.50
2012.07.31 18:33:25.799,1.05341,1.05364,1.63,1.50
2012.07.31 18:33:26.619,1.05342,1.05368,1.63,1.50
2012.07.31 18:33:27.353,1.05342,1.05368,1.63,1.50
2012.07.31 18:33:31.777,1.05342,1.05368,1.63,1.50
2012.07.31 18:33:31.908,1.05342,1.05366,1.63,1.50
2012.07.31 18:33:32.449,1.05339,1.05365,1.63,1.50
2012.07.31 18:33:32.842,1.05344,1.05368,1.63,1.50
2012.07.31 18:33:33.061,1.05344,1.05365,1.50,1.50
2012.07.31 18:33:33.120,1.05338,1.05362,1.63,2.18
2012.07.31 18:33:33.452,1.05338,1.05363,1.63,1.50
2012.07.31 18:33:33.566,1.05343,1.05367,1.63,1.50
2012.07.31 18:33:33.680,1.05346,1.0537,1.63,1.50
2012.07.31 18:33:34.120,1.0535,1.05373,1.50,4.43
2012.07.31 18:33:34.470,1.05346,1.0537,1.63,1.50
2012.07.31 18:33:38.549,1.05347,1.05373,1.63,4.43
2012.07.31 18:33:39.225,1.05345,1.05371,2.38,1.50
2012.07.31 18:33:39.618,1.05349,1.05373,1.50,2.93
2012.07.31 18:33:39.933,1.05349,1.05373,1.50,2.93
2012.07.31 18:33:40.262,1.05335,1.0536,2.38,1.50
2012.07.31 18:33:40.321,1.05342,1.05369,2.38,2.25
2012.07.31 18:33:40.433,1.05339,1.05363,2.38,1.50
2012.07.31 18:33:40.599,1.05341,1.05366,2.38,1.50
2012.07.31 18:33:41.607,1.05344,1.05371,1.63,1.50
2012.07.31 18:33:43.004,1.05348,1.05371,2.31,1.50
2012.07.31 18:33:43.063,1.05348,1.05375,3.81,1.50
2012.07.31 18:33:43.229,1.05351,1.05378,1.63,2.25
2012.07.31 18:33:43.450,1.05351,1.05378,1.63,3.75
2012.07.31 18:33:43.563,1.05351,1.05376,1.63,1.50
2012.07.31 18:33:44.182,1.05351,1.05376,1.63,1.50
2012.07.31 18:33:45.158,1.05351,1.05376,1.63,1.50
2012.07.31 18:33:45.217,1.05351,1.05372,1.63,2.18
2012.07.31 18:33:45.643,1.05347,1.05372,2.38,3.68
2012.07.31 18:33:47.578,1.05347,1.05372,2.38,1.50
2012.07.31 18:33:49.589,1.05347,1.0537,2.38,1.50
2012.07.31 18:33:50.159,1.05342,1.05367,2.98,1.50
2012.07.31 18:33:51.603,1.05345,1.0537,1.63,1.50
2012.07.31 18:33:53.426,1.05345,1.0537,1.63,1.50
