2012.10.11 23:00:22.038,1.00352,1.00383,1.13,1.50
2012.10.11 23:00:22.585,1.0035,1.0038,1.13,1.50
2012.10.11 23:00:24.594,1.00347,1.0038,1.73,1.50
2012.10.11 23:00:26.386,1.00345,1.00378,1.13,1.50
2012.10.11 23:00:37.884,1.00343,1.00378,1.13,1.50
2012.10.11 23:00:37.944,1.00343,1.00379,1.13,2.63
2012.10.11 23:00:38.874,1.00344,1.00379,1.13,1.50
2012.10.11 23:00:43.059,1.00346,1.00381,1.13,1.50
2012.10.11 23:00:43.424,1.00348,1.00385,1.35,1.28
2012.10.11 23:00:44.006,1.00357,1.00391,1.13,1.50
2012.10.11 23:00:48.342,1.00357,1.00393,1.85,1.88
2012.10.11 23:00:52.915,1.00355,1.0039,1.13,1.50
2012.10.11 23:01:05.134,1.00355,1.0039,1.13,1.50
2012.10.11 23:01:06.695,1.00351,1.00383,1.13,1.50
2012.10.11 23:01:07.224,1.00351,1.00383,1.13,2.25
2012.10.11 23:01:07.348,1.00351,1.00383,1.13,1.50
2012.10.11 23:01:08.013,1.00352,1.0039,1.13,1.88
2012.10.11 23:01:13.349,1.00352,1.0039,1.13,1.88
2012.10.11 23:01:29.304,1.00357,1.00393,1.13,1.50
2012.10.11 23:01:29.854,1.00359,1.00396,1.13,1.50
2012.10.11 23:01:33.857,1.00359,1.00396,1.13,1.50
2012.10.11 23:01:34.585,1.0036,1.00393,1.13,1.50
2012.10.11 23:01:35.154,1.0036,1.00395,1.13,1.50
2012.10.11 23:01:48.098,1.0036,1.00399,1.13,1.50
2012.10.11 23:01:48.922,1.00366,1.00402,1.13,1.13
2012.10.11 23:01:57.585,1.00363,1.00399,1.13,1.50
2012.10.11 23:02:11.865,1.00367,1.00399,1.13,1.50
2012.10.11 23:02:11.926,1.00367,1.00403,1.13,2.25
2012.10.11 23:02:12.045,1.00366,1.00404,1.13,2.63
2012.10.11 23:02:12.105,1.00366,1.00404,1.13,2.63
2012.10.11 23:02:15.394,1.00365,1.00404,1.13,2.25
2012.10.11 23:02:15.696,1.00366,1.00404,1.85,1.88
2012.10.11 23:02:15.755,1.00368,1.00404,1.13,1.50
2012.10.11 23:02:22.184,1.00367,1.00404,1.13,1.13
2012.10.11 23:02:22.685,1.00367,1.00403,1.13,1.13
2012.10.11 23:02:22.864,1.00366,1.00402,1.13,1.50
2012.10.11 23:02:23.534,1.00362,1.00397,1.50,1.13
2012.10.11 23:02:24.105,1.00362,1.00399,1.50,1.13
2012.10.11 23:02:24.414,1.00362,1.004,1.88,1.88
2012.10.11 23:02:41.174,1.00365,1.00399,1.13,1.50
2012.10.11 23:02:42.914,1.00361,1.004,1.58,1.73
2012.10.11 23:02:42.975,1.00361,1.00392,1.13,1.50
2012.10.11 23:02:45.115,1.00361,1.00393,1.13,2.25
2012.10.11 23:02:45.354,1.00362,1.00399,1.28,1.13
2012.10.11 23:02:45.655,1.00364,1.00397,1.13,1.50
2012.10.11 23:02:45.956,1.00361,1.00399,1.13,1.50
2012.10.11 23:02:46.075,1.0036,1.00399,1.88,1.50
2012.10.11 23:02:46.393,1.00361,1.00397,1.13,1.50
2012.10.11 23:02:47.614,1.00355,1.00391,1.58,1.50
2012.10.11 23:02:50.174,1.00355,1.00392,1.13,1.73
2012.10.11 23:02:52.164,1.00357,1.00391,1.13,1.50
2012.10.11 23:02:54.124,1.00353,1.0039,1.73,1.50
2012.10.11 23:02:54.425,1.00356,1.00391,1.20,1.50
2012.10.11 23:02:54.484,1.00358,1.00394,1.13,1.88
2012.10.11 23:02:58.104,1.00361,1.00394,1.13,1.50
2012.10.11 23:03:00.636,1.00356,1.00394,1.88,1.13
2012.10.11 23:03:05.036,1.00358,1.00398,1.58,1.20
2012.10.11 23:03:05.484,1.00361,1.00399,1.50,1.58
2012.10.11 23:03:11.086,1.00361,1.00398,1.50,1.13
2012.10.11 23:03:11.664,1.00359,1.00397,1.85,1.13
2012.10.11 23:03:11.785,1.00361,1.00399,1.88,1.13
2012.10.11 23:03:13.114,1.00363,1.00402,1.13,2.03
2012.10.11 23:03:13.414,1.00365,1.00403,1.13,1.13
2012.10.11 23:03:33.674,1.00365,1.00409,1.13,1.73
2012.10.11 23:03:33.855,1.00371,1.00409,2.25,1.73
2012.10.11 23:04:13.025,1.0037,1.00403,1.50,1.13
2012.10.11 23:04:13.145,1.0037,1.00403,1.50,1.88
2012.10.11 23:04:13.766,1.00368,1.00403,1.50,1.13
2012.10.11 23:04:14.065,1.00368,1.00403,1.50,1.13
2012.10.11 23:04:14.336,1.00371,1.00409,1.50,1.73
2012.10.11 23:04:14.695,1.00372,1.00409,1.50,1.58
2012.10.11 23:04:30.834,1.00372,1.00409,1.50,1.13
2012.10.11 23:04:31.665,1.00376,1.00412,1.50,1.65
2012.10.11 23:04:32.212,1.00377,1.00412,1.50,1.13
2012.10.11 23:04:35.565,1.00377,1.0041,1.50,1.13
2012.10.11 23:04:38.546,1.00377,1.00408,1.50,1.13
2012.10.11 23:04:38.665,1.00376,1.00409,1.50,1.13
2012.10.11 23:04:39.684,1.00376,1.00414,1.50,1.73
2012.10.11 23:04:39.864,1.00376,1.00409,1.50,1.13
2012.10.11 23:04:48.914,1.00376,1.00409,1.50,1.13
2012.10.11 23:04:49.096,1.00373,1.00408,1.50,1.13
2012.10.11 23:04:49.405,1.00372,1.00408,1.50,1.73
2012.10.11 23:04:49.525,1.00372,1.00408,1.50,1.73
2012.10.11 23:04:49.895,1.00372,1.00408,1.85,1.13
2012.10.11 23:04:53.825,1.00372,1.00408,1.10,1.13
2012.10.11 23:04:54.266,1.00366,1.00402,1.58,1.73
2012.10.11 23:04:54.385,1.00366,1.004,1.20,1.88
2012.10.11 23:04:57.194,1.00365,1.00399,1.50,1.88
2012.10.11 23:04:58.219,1.00365,1.00393,1.50,1.50
2012.10.11 23:04:58.750,1.00364,1.00397,1.50,1.50
2012.10.11 23:05:01.365,1.00365,1.00397,1.50,1.13
2012.10.11 23:05:01.605,1.00364,1.00398,1.50,1.13
2012.10.11 23:05:03.625,1.00364,1.00403,1.50,1.65
2012.10.11 23:05:03.746,1.00369,1.00403,1.50,1.65
2012.10.11 23:05:03.926,1.00369,1.00402,1.50,1.88
2012.10.11 23:05:04.105,1.0037,1.00403,1.50,1.13
2012.10.11 23:05:04.615,1.0037,1.00404,1.50,1.13
2012.10.11 23:05:04.975,1.00369,1.00404,1.50,1.65
2012.10.11 23:05:06.105,1.00367,1.00402,1.50,1.13
2012.10.11 23:05:06.465,1.00363,1.00401,2.37,1.13
2012.10.11 23:05:06.705,1.00363,1.00401,1.85,1.13
2012.10.11 23:05:08.645,1.00364,1.00399,1.50,1.13
2012.10.11 23:05:28.155,1.00361,1.00398,1.50,1.13
2012.10.11 23:05:29.644,1.00362,1.00398,1.50,1.13
2012.10.11 23:05:30.397,1.00359,1.00396,1.13,1.50
2012.10.11 23:05:46.144,1.00359,1.00396,1.13,2.03
2012.10.11 23:06:46.169,1.00362,1.00401,1.10,1.13
2012.10.11 23:06:46.909,1.00355,1.00401,1.13,1.13
2012.10.11 23:06:56.269,1.00358,1.00401,1.35,1.20
2012.10.11 23:07:08.306,1.00356,1.00401,1.73,1.20
2012.10.11 23:07:10.004,1.0036,1.00401,1.35,1.20
2012.10.11 23:07:10.315,1.00367,1.004,1.50,1.13
2012.10.11 23:07:10.675,1.00367,1.00405,1.13,1.13
2012.10.11 23:07:12.865,1.0037,1.00406,1.13,1.13
2012.10.11 23:07:13.874,1.00372,1.00409,1.50,1.13
2012.10.11 23:07:17.585,1.00373,1.00409,1.50,1.13
2012.10.11 23:07:17.886,1.00373,1.00409,1.50,1.13
2012.10.11 23:07:19.715,1.00372,1.00409,1.50,1.13
2012.10.11 23:07:20.073,1.00371,1.00407,2.25,1.13
2012.10.11 23:07:20.606,1.00367,1.00405,2.45,1.13
2012.10.11 23:07:21.063,1.00367,1.00405,1.70,1.13
2012.10.11 23:07:21.425,1.00368,1.004,1.50,1.91
2012.10.11 23:07:22.855,1.00367,1.00405,1.85,1.13
2012.10.11 23:07:23.095,1.00367,1.00401,1.85,1.91
2012.10.11 23:07:32.895,1.00366,1.00399,1.50,1.13
2012.10.11 23:07:33.015,1.00362,1.00395,2.30,1.91
2012.10.11 23:07:54.082,1.00357,1.00393,1.13,1.50
2012.10.11 23:08:09.195,1.00351,1.00387,1.50,1.13
2012.10.11 23:08:09.556,1.0035,1.00387,1.13,1.50
2012.10.11 23:08:56.561,1.0035,1.00386,1.50,1.13
2012.10.11 23:09:04.345,1.00344,1.00384,1.50,1.13
2012.10.11 23:09:04.786,1.00345,1.00377,1.50,1.13
2012.10.11 23:09:07.392,1.00345,1.00379,1.50,1.65
2012.10.11 23:09:08.822,1.00345,1.00379,1.50,1.13
2012.10.11 23:09:15.311,1.00342,1.00377,1.50,1.13
2012.10.11 23:09:15.815,1.00342,1.00373,1.50,1.50
2012.10.11 23:09:16.746,1.00342,1.00373,1.50,1.88
2012.10.11 23:09:17.036,1.00341,1.00373,1.13,1.50
2012.10.11 23:09:22.545,1.00342,1.0037,1.13,1.13
2012.10.11 23:09:23.915,1.00343,1.00373,1.13,1.88
2012.10.11 23:09:24.406,1.00342,1.00373,1.13,1.13
2012.10.11 23:09:27.875,1.00341,1.00376,1.50,1.50
2012.10.11 23:09:28.147,1.00341,1.00376,1.13,1.50
2012.10.11 23:09:28.721,1.00341,1.00371,1.65,1.13
2012.10.11 23:09:29.865,1.00342,1.00373,1.13,1.13
2012.10.11 23:09:29.987,1.00344,1.00374,1.50,1.13
2012.10.11 23:10:02.614,1.00342,1.00376,1.50,1.13
2012.10.11 23:10:04.506,1.00335,1.00373,1.88,1.88
2012.10.11 23:10:06.095,1.00337,1.00373,1.13,1.88
2012.10.11 23:10:06.334,1.00333,1.00369,1.50,1.13
2012.10.11 23:10:06.892,1.00334,1.0037,1.13,1.13
2012.10.11 23:10:10.606,1.00335,1.00373,1.13,1.88
2012.10.11 23:10:30.288,1.00327,1.00364,1.58,1.50
2012.10.11 23:10:30.584,1.00331,1.00364,1.13,1.50
2012.10.11 23:10:33.809,1.00331,1.00364,1.13,1.50
2012.10.11 23:10:34.359,1.00331,1.00364,1.65,1.50
2012.10.11 23:10:34.714,1.00326,1.00359,1.65,1.91
2012.10.11 23:10:34.834,1.00326,1.0036,1.13,1.91
2012.10.11 23:10:35.205,1.00326,1.00359,1.13,2.66
2012.10.11 23:10:35.532,1.00328,1.00355,1.50,2.25
2012.10.11 23:10:36.076,1.0033,1.00353,1.50,1.50
2012.10.11 23:10:37.157,1.0033,1.00353,1.50,2.25
2012.10.11 23:10:37.217,1.00324,1.00349,2.33,2.25
2012.10.11 23:10:41.619,1.00325,1.00349,1.58,1.50
2012.10.11 23:10:44.405,1.00331,1.00354,1.50,2.25
2012.10.11 23:10:44.965,1.00331,1.00354,2.25,1.50
2012.10.11 23:10:46.405,1.00331,1.00354,1.50,2.25
2012.10.11 23:10:48.961,1.00328,1.00349,1.50,2.25
2012.10.11 23:10:49.026,1.00326,1.00349,1.88,2.25
2012.10.11 23:10:51.315,1.00326,1.00349,2.63,1.50
2012.10.11 23:10:51.725,1.0033,1.00351,1.50,1.50
2012.10.11 23:10:51.785,1.0033,1.00355,1.50,2.25
2012.10.11 23:10:53.627,1.00336,1.0036,2.25,1.91
2012.10.11 23:10:54.288,1.00336,1.00361,2.25,1.50
2012.10.11 23:10:55.065,1.00336,1.00361,1.50,2.25
2012.10.11 23:10:55.485,1.00332,1.00355,2.25,1.50
2012.10.11 23:10:56.798,1.00332,1.00355,1.50,2.25
2012.10.11 23:11:06.039,1.00332,1.00355,2.25,1.50
2012.10.11 23:11:07.375,1.00332,1.00355,2.25,1.50
2012.10.11 23:11:07.915,1.00332,1.00355,1.50,2.25
2012.10.11 23:11:09.134,1.00332,1.00355,1.50,1.50
2012.10.11 23:11:15.676,1.00332,1.00355,1.50,3.00
2012.10.11 23:11:15.736,1.00319,1.00343,2.48,1.50
2012.10.11 23:11:17.396,1.00319,1.00343,1.50,1.50
2012.10.11 23:11:17.655,1.00319,1.00343,1.50,2.25
2012.10.11 23:11:18.595,1.00319,1.00343,1.50,2.25
2012.10.11 23:11:24.309,1.00319,1.00343,2.25,1.50
2012.10.11 23:11:24.526,1.00323,1.00348,1.50,2.25
2012.10.11 23:11:30.819,1.00323,1.00348,2.25,2.25
2012.10.11 23:11:35.115,1.00323,1.00348,2.63,2.25
2012.10.11 23:11:37.562,1.00323,1.00348,2.63,2.25
2012.10.11 23:11:41.435,1.00323,1.00348,2.63,2.25
2012.10.11 23:11:42.055,1.00323,1.00348,2.25,2.25
2012.10.11 23:11:45.605,1.00327,1.00349,1.50,1.13
2012.10.11 23:11:46.636,1.00327,1.00348,1.50,1.13
2012.10.11 23:11:49.878,1.00322,1.00347,2.25,2.25
2012.10.11 23:11:50.538,1.00322,1.00347,2.25,2.63
2012.10.11 23:12:13.151,1.00322,1.00347,2.25,2.25
2012.10.11 23:12:22.186,1.00322,1.00347,2.25,2.25
2012.10.11 23:12:22.745,1.00322,1.00347,2.25,2.25
2012.10.11 23:12:26.555,1.00322,1.00347,2.25,2.63
2012.10.11 23:12:41.402,1.00324,1.00347,1.50,2.63
2012.10.11 23:12:53.806,1.00324,1.00347,1.50,2.25
2012.10.11 23:12:58.195,1.00324,1.00347,1.50,2.25
2012.10.11 23:13:10.155,1.00325,1.0035,1.50,2.63
2012.10.11 23:13:23.746,1.00325,1.00348,1.50,1.13
2012.10.11 23:13:24.695,1.00325,1.00347,1.50,1.13
2012.10.11 23:13:30.235,1.00322,1.00345,1.50,1.50
2012.10.11 23:13:35.365,1.00322,1.00345,1.50,1.88
2012.10.11 23:13:43.781,1.00322,1.00345,1.50,2.33
2012.10.11 23:13:44.465,1.00322,1.00345,1.50,1.88
2012.10.11 23:13:44.766,1.00322,1.00345,2.25,1.88
2012.10.11 23:13:44.976,1.00322,1.00345,2.25,1.50
2012.10.11 23:13:50.225,1.00325,1.0035,2.25,2.63
2012.10.11 23:13:53.626,1.00325,1.0035,2.25,2.63
2012.10.11 23:13:59.836,1.00325,1.0035,2.25,2.25
2012.10.11 23:14:10.332,1.00328,1.00351,1.50,3.75
2012.10.11 23:14:17.145,1.00328,1.00346,1.50,1.50
2012.10.11 23:14:17.266,1.00321,1.00344,1.50,2.25
2012.10.11 23:14:18.375,1.00321,1.00341,1.50,2.25
2012.10.11 23:14:18.495,1.00314,1.00339,1.50,2.25
2012.10.11 23:14:18.616,1.00314,1.00339,1.50,2.25
2012.10.11 23:14:18.796,1.00314,1.00335,1.50,1.50
2012.10.11 23:14:18.855,1.00309,1.00334,2.25,1.50
2012.10.11 23:14:18.916,1.00314,1.00334,2.25,1.50
2012.10.11 23:14:18.976,1.00317,1.0034,1.50,1.88
2012.10.11 23:14:31.115,1.00317,1.0034,1.50,2.25
2012.10.11 23:14:31.356,1.00317,1.0034,1.50,2.25
2012.10.11 23:14:34.906,1.00317,1.0034,1.50,2.25
2012.10.11 23:14:34.966,1.00314,1.00335,1.50,2.25
2012.10.11 23:14:35.026,1.00311,1.00335,1.50,2.25
2012.10.11 23:14:38.381,1.00311,1.00335,2.25,1.50
2012.10.11 23:14:41.586,1.00311,1.00335,2.25,1.50
2012.10.11 23:14:41.646,1.00316,1.00339,2.25,1.50
2012.10.11 23:14:49.397,1.00316,1.00339,2.25,2.25
2012.10.11 23:14:49.756,1.00305,1.00329,2.25,1.50
2012.10.11 23:14:50.656,1.00305,1.00326,1.50,1.50
2012.10.11 23:14:50.716,1.00299,1.00325,4.50,1.50
2012.10.11 23:14:51.655,1.00304,1.0033,1.50,2.25
2012.10.11 23:14:52.756,1.00304,1.00329,1.50,1.13
2012.10.11 23:14:53.118,1.00304,1.00329,1.50,1.13
2012.10.11 23:14:53.877,1.00304,1.0033,2.25,2.40
2012.10.11 23:14:54.126,1.00304,1.00329,1.50,1.13
2012.10.11 23:14:54.347,1.00304,1.0033,2.25,1.88
2012.10.11 23:14:54.566,1.00304,1.0033,1.50,2.63
2012.10.11 23:14:54.925,1.00304,1.0033,2.25,1.88
2012.10.11 23:14:55.917,1.00304,1.00329,1.50,1.13
2012.10.11 23:14:56.436,1.00304,1.00328,1.50,1.13
2012.10.11 23:15:07.946,1.00304,1.00324,1.50,1.50
2012.10.11 23:15:11.285,1.00304,1.00327,2.25,2.20
2012.10.11 23:15:13.267,1.00306,1.00328,2.25,1.50
2012.10.11 23:15:21.626,1.00306,1.00328,2.25,1.50
2012.10.11 23:15:21.865,1.0031,1.00333,2.25,1.13
2012.10.11 23:15:28.545,1.0031,1.00333,2.25,1.13
2012.10.11 23:15:29.946,1.0031,1.00333,2.25,1.13
2012.10.11 23:15:30.306,1.00317,1.00337,2.25,3.51
2012.10.11 23:15:30.366,1.00317,1.00337,1.50,1.50
2012.10.11 23:15:30.486,1.00312,1.00335,1.88,1.50
2012.10.11 23:15:30.666,1.00312,1.00335,2.25,1.50
2012.10.11 23:15:32.630,1.00312,1.00335,2.25,1.50
2012.10.11 23:15:37.849,1.00312,1.00335,1.50,2.25
2012.10.11 23:15:38.026,1.00306,1.00328,2.48,2.25
2012.10.11 23:15:38.088,1.00306,1.00328,2.10,2.25
2012.10.11 23:15:38.785,1.00306,1.00328,2.63,1.50
2012.10.11 23:15:41.316,1.00306,1.00328,1.50,1.50
2012.10.11 23:15:42.676,1.00306,1.00328,1.50,2.25
2012.10.11 23:15:42.796,1.00301,1.00324,1.50,2.25
2012.10.11 23:15:43.437,1.00301,1.00324,2.78,1.50
2012.10.11 23:15:43.556,1.00305,1.00329,1.50,1.50
2012.10.11 23:15:44.616,1.00305,1.00329,2.25,1.50
2012.10.11 23:16:03.566,1.00308,1.0033,1.50,1.50
2012.10.11 23:16:17.662,1.00308,1.0033,1.50,2.25
2012.10.11 23:16:17.906,1.00302,1.00326,1.50,1.50
2012.10.11 23:16:30.045,1.00302,1.00326,2.25,1.50
2012.10.11 23:16:37.905,1.00307,1.00329,2.25,1.50
2012.10.11 23:16:53.144,1.00307,1.00329,1.50,2.25
2012.10.11 23:16:53.267,1.00301,1.00323,2.25,1.50
2012.10.11 23:16:54.407,1.00301,1.00323,2.25,1.50
2012.10.11 23:16:54.766,1.00305,1.00326,2.25,1.50
2012.10.11 23:16:54.986,1.00305,1.00329,2.25,1.50
2012.10.11 23:16:56.554,1.00305,1.00329,1.50,2.25
2012.10.11 23:16:56.966,1.00305,1.00326,1.50,1.50
2012.10.11 23:16:57.587,1.00301,1.00323,2.25,1.50
2012.10.11 23:17:36.675,1.00301,1.00323,2.25,1.50
2012.10.11 23:17:36.915,1.00303,1.00326,2.25,2.25
2012.10.11 23:17:44.116,1.00303,1.00327,2.25,1.50
2012.10.11 23:17:57.036,1.00302,1.00326,2.25,1.50
2012.10.11 23:18:17.155,1.00303,1.00327,2.25,1.50
2012.10.11 23:18:36.756,1.00303,1.00327,1.50,1.50
2012.10.11 23:18:56.946,1.0031,1.00332,1.50,1.50
2012.10.11 23:18:57.367,1.00312,1.00332,2.25,1.50
2012.10.11 23:18:57.430,1.00314,1.00339,2.25,1.50
2012.10.11 23:19:26.291,1.00316,1.00339,1.50,2.25
2012.10.11 23:19:37.296,1.00316,1.00337,1.50,1.50
2012.10.11 23:19:37.356,1.00311,1.00336,2.25,1.50
2012.10.11 23:19:44.846,1.00311,1.00336,2.25,1.50
2012.10.11 23:19:45.086,1.00316,1.00341,2.25,1.50
2012.10.11 23:19:45.612,1.00316,1.00341,2.25,1.50
2012.10.11 23:19:45.746,1.0033,1.00348,2.25,1.20
2012.10.11 23:19:45.806,1.0033,1.00351,2.25,2.33
2012.10.11 23:19:45.866,1.00326,1.00348,1.50,3.08
2012.10.11 23:20:02.387,1.00323,1.00344,1.50,1.50
2012.10.11 23:20:02.959,1.0032,1.00344,2.25,1.50
2012.10.11 23:20:06.876,1.0032,1.00344,2.25,1.50
2012.10.11 23:20:06.936,1.00327,1.00349,1.50,1.50
2012.10.11 23:20:13.111,1.00327,1.00349,1.50,2.25
2012.10.11 23:20:13.406,1.00327,1.00346,1.50,1.50
2012.10.11 23:20:13.466,1.0032,1.00344,1.50,1.50
2012.10.11 23:20:14.006,1.0032,1.00344,1.50,2.25
2012.10.11 23:20:16.487,1.00318,1.0034,1.50,1.50
2012.10.11 23:20:17.222,1.00315,1.0034,2.25,1.50
2012.10.11 23:20:23.568,1.00315,1.0034,2.25,1.50
2012.10.11 23:20:23.927,1.00321,1.00345,1.50,1.50
2012.10.11 23:20:28.636,1.00321,1.00345,1.50,2.25
2012.10.11 23:20:30.757,1.0032,1.00338,1.50,1.50
2012.10.11 23:20:30.817,1.00316,1.00338,2.25,1.50
2012.10.11 23:20:31.506,1.00316,1.00338,2.25,2.25
2012.10.11 23:20:40.838,1.00316,1.00338,2.25,2.25
2012.10.11 23:20:41.376,1.00316,1.00338,1.50,2.25
2012.10.11 23:20:41.878,1.00316,1.00338,1.50,2.25
2012.10.11 23:20:50.906,1.00313,1.00336,1.50,2.25
2012.10.11 23:21:01.917,1.00313,1.00336,1.50,2.25
2012.10.11 23:21:02.070,1.00313,1.00336,2.25,2.25
2012.10.11 23:21:02.587,1.00317,1.00341,2.25,2.25
2012.10.11 23:21:07.363,1.00317,1.00338,1.50,1.50
2012.10.11 23:21:07.487,1.00313,1.00336,2.63,2.25
2012.10.11 23:21:08.026,1.00313,1.00336,1.50,2.25
2012.10.11 23:21:20.809,1.00319,1.00341,1.50,3.90
2012.10.11 23:21:28.608,1.00319,1.00341,1.50,2.25
2012.10.11 23:21:40.436,1.00315,1.00339,2.25,2.25
2012.10.11 23:21:44.547,1.00315,1.00339,2.25,2.25
2012.10.11 23:21:56.357,1.00315,1.00339,2.25,2.25
2012.10.11 23:21:56.823,1.00315,1.00339,2.25,2.25
2012.10.11 23:22:04.089,1.0032,1.00342,1.50,1.50
2012.10.11 23:22:04.387,1.00315,1.00337,1.50,2.25
2012.10.11 23:22:21.087,1.00315,1.00337,1.50,2.21
2012.10.11 23:22:39.330,1.00315,1.00338,2.25,2.58
2012.10.11 23:22:39.566,1.00315,1.00338,1.50,3.33
2012.10.11 23:22:40.170,1.00315,1.00338,1.50,2.96
2012.10.11 23:23:04.607,1.00313,1.00338,1.50,2.96
2012.10.11 23:23:16.589,1.00312,1.00329,2.25,1.50
2012.10.11 23:23:16.653,1.00306,1.00329,3.75,2.25
2012.10.11 23:23:20.847,1.00306,1.00329,1.50,2.25
2012.10.11 23:23:21.148,1.00306,1.00329,1.50,2.25
2012.10.11 23:23:21.208,1.00303,1.00324,1.50,2.25
2012.10.11 23:23:21.267,1.00301,1.00324,1.50,2.25
2012.10.11 23:23:21.446,1.00299,1.0032,1.50,2.25
2012.10.11 23:23:21.937,1.00298,1.00319,2.25,1.46
2012.10.11 23:23:22.298,1.00298,1.00317,2.25,1.46
2012.10.11 23:23:22.947,1.00298,1.00318,1.84,2.21
2012.10.11 23:23:23.522,1.00298,1.00318,1.84,2.21
2012.10.11 23:23:23.887,1.00299,1.00318,1.50,2.21
2012.10.11 23:23:24.188,1.00303,1.00323,1.50,1.46
2012.10.11 23:23:24.427,1.003,1.00322,1.50,2.21
2012.10.11 23:23:24.488,1.00298,1.00322,1.84,2.21
2012.10.11 23:23:24.906,1.00298,1.00317,1.84,2.62
2012.10.11 23:23:25.808,1.00298,1.00312,1.09,2.25
2012.10.11 23:23:26.318,1.00294,1.00312,2.25,2.25
2012.10.11 23:23:26.667,1.00296,1.00312,2.25,1.50
2012.10.11 23:23:26.729,1.00298,1.00319,1.50,1.31
2012.10.11 23:23:26.847,1.00296,1.00312,2.25,1.50
2012.10.11 23:23:26.907,1.00294,1.00312,2.25,1.50
2012.10.11 23:23:26.967,1.00296,1.00314,1.50,1.50
2012.10.11 23:23:27.027,1.00296,1.00318,1.50,1.46
2012.10.11 23:23:27.556,1.00296,1.00319,2.25,2.21
2012.10.11 23:23:28.141,1.00296,1.00319,1.50,2.21
2012.10.11 23:23:31.602,1.00296,1.00319,2.25,2.21
2012.10.11 23:23:34.396,1.00296,1.00319,1.50,2.25
2012.10.11 23:23:35.576,1.00296,1.00319,2.25,1.50
2012.10.11 23:23:36.126,1.00296,1.00319,1.50,2.25
2012.10.11 23:23:46.870,1.00294,1.00317,4.55,1.50
2012.10.11 23:23:59.106,1.00295,1.00317,1.55,1.50
2012.10.11 23:23:59.695,1.00294,1.00317,3.05,1.50
2012.10.11 23:24:07.066,1.00296,1.00319,1.50,2.25
2012.10.11 23:24:12.086,1.00296,1.00319,2.25,1.50
2012.10.11 23:24:23.446,1.00296,1.00319,2.25,1.50
2012.10.11 23:24:23.806,1.00296,1.00319,2.25,1.50
2012.10.11 23:24:25.807,1.00296,1.00319,2.25,1.50
2012.10.11 23:24:27.058,1.003,1.00322,1.50,1.50
2012.10.11 23:24:27.737,1.003,1.00323,1.50,1.50
2012.10.11 23:24:31.466,1.00298,1.00318,1.50,1.50
2012.10.11 23:24:31.537,1.00295,1.00318,2.25,1.50
2012.10.11 23:24:45.079,1.00295,1.00318,3.80,1.50
2012.10.11 23:24:47.812,1.00295,1.00318,3.80,1.50
2012.10.11 23:24:51.156,1.00295,1.00318,3.80,1.50
2012.10.11 23:24:51.606,1.00298,1.00323,2.25,1.50
2012.10.11 23:24:57.557,1.00304,1.00327,1.50,1.50
2012.10.11 23:25:01.357,1.00304,1.00327,2.25,1.50
2012.10.11 23:25:01.478,1.00311,1.00334,2.25,1.88
2012.10.11 23:25:01.537,1.00311,1.00331,2.25,1.50
2012.10.11 23:25:01.717,1.0031,1.00335,2.25,1.50
2012.10.11 23:25:01.797,1.0031,1.00335,2.25,1.50
2012.10.11 23:25:02.218,1.00316,1.00338,2.25,1.50
2012.10.11 23:25:04.157,1.00316,1.00338,1.50,2.25
2012.10.11 23:25:04.217,1.00316,1.00335,1.50,1.50
2012.10.11 23:25:04.278,1.00309,1.00333,2.25,1.50
2012.10.11 23:25:04.587,1.00309,1.00333,1.50,2.25
2012.10.11 23:25:04.710,1.00304,1.00328,2.25,1.50
2012.10.11 23:25:04.887,1.00304,1.00328,1.50,1.50
2012.10.11 23:25:17.907,1.00304,1.00328,2.25,1.50
2012.10.11 23:25:29.597,1.00304,1.00328,1.50,1.50
2012.10.11 23:25:44.827,1.00301,1.00325,2.63,1.50
2012.10.11 23:25:54.107,1.00301,1.00325,2.25,1.50
2012.10.11 23:25:54.167,1.00309,1.00331,2.25,1.50
2012.10.11 23:25:54.347,1.00309,1.00331,1.50,1.50
2012.10.11 23:25:57.644,1.00306,1.00327,2.25,1.50
2012.10.11 23:25:59.877,1.00303,1.00327,2.25,1.50
2012.10.11 23:26:00.058,1.00309,1.00331,1.50,1.50
2012.10.11 23:26:00.407,1.00309,1.00331,2.25,1.50
2012.10.11 23:26:05.927,1.00309,1.00331,1.50,1.50
2012.10.11 23:26:09.066,1.00309,1.00331,2.25,1.50
2012.10.11 23:26:09.448,1.00309,1.00331,1.50,1.50
2012.10.11 23:26:12.606,1.00309,1.00331,2.25,1.50
2012.10.11 23:26:12.847,1.00309,1.00331,1.50,1.50
2012.10.11 23:26:17.028,1.00307,1.00327,2.25,1.50
2012.10.11 23:26:17.336,1.00303,1.00327,2.25,1.50
2012.10.11 23:26:17.577,1.00309,1.00332,1.50,1.50
2012.10.11 23:26:23.417,1.00309,1.00329,1.50,2.25
2012.10.11 23:26:23.477,1.00304,1.00328,1.50,2.25
2012.10.11 23:26:29.142,1.00304,1.00328,1.50,2.25
2012.10.11 23:26:29.268,1.00298,1.00321,1.88,2.25
2012.10.11 23:26:29.327,1.00298,1.00321,1.88,1.50
2012.10.11 23:26:32.677,1.00298,1.00321,2.25,1.50
2012.10.11 23:26:32.737,1.00302,1.00326,2.25,1.50
2012.10.11 23:26:32.857,1.00302,1.00326,2.25,1.50
2012.10.11 23:26:33.617,1.00302,1.00326,1.50,1.50
2012.10.11 23:26:33.857,1.00302,1.00326,2.25,1.50
2012.10.11 23:26:36.267,1.00308,1.0033,1.50,1.50
2012.10.11 23:26:56.207,1.00307,1.00329,1.50,1.50
2012.10.11 23:27:11.676,1.00307,1.00329,1.50,2.25
2012.10.11 23:27:12.215,1.00307,1.00329,1.50,2.25
2012.10.11 23:27:13.905,1.00307,1.00328,1.50,1.50
2012.10.11 23:27:13.966,1.00302,1.00325,1.50,1.50
2012.10.11 23:27:14.824,1.00302,1.00325,1.50,2.25
2012.10.11 23:27:15.365,1.00302,1.00325,1.50,1.50
2012.10.11 23:27:19.935,1.00299,1.0032,1.50,1.50
2012.10.11 23:27:19.995,1.00295,1.0032,3.80,1.50
2012.10.11 23:27:20.908,1.00295,1.0032,3.80,1.50
2012.10.11 23:27:21.145,1.00302,1.00324,1.50,1.50
2012.10.11 23:27:41.286,1.00299,1.00321,2.25,1.50
2012.10.11 23:27:42.345,1.00299,1.00321,1.50,1.50
2012.10.11 23:27:42.826,1.00294,1.00318,1.93,1.50
2012.10.11 23:27:45.696,1.00294,1.00318,2.30,1.50
2012.10.11 23:27:49.306,1.003,1.0032,1.50,1.50
2012.10.11 23:27:49.370,1.003,1.00322,1.50,1.50
2012.10.11 23:28:03.835,1.003,1.00322,2.25,1.50
2012.10.11 23:28:04.137,1.003,1.00322,2.25,1.50
2012.10.11 23:28:04.386,1.00304,1.00328,1.50,1.50
2012.10.11 23:28:04.625,1.00304,1.00328,2.25,1.50
2012.10.11 23:28:06.206,1.00304,1.00328,1.50,2.25
2012.10.11 23:28:13.646,1.00304,1.00328,1.50,2.25
2012.10.11 23:28:14.087,1.00302,1.00324,1.50,2.25
2012.10.11 23:28:14.156,1.00299,1.00324,1.50,2.25
2012.10.11 23:28:31.623,1.00295,1.00319,1.55,1.50
2012.10.11 23:28:41.813,1.00295,1.00319,1.55,2.25
2012.10.11 23:28:42.374,1.00295,1.00314,1.55,1.50
2012.10.11 23:28:43.856,1.00294,1.00314,1.55,1.50
2012.10.11 23:28:53.437,1.00295,1.00314,1.55,1.50
2012.10.11 23:28:54.156,1.00295,1.00314,2.30,1.50
2012.10.11 23:28:54.216,1.00296,1.00319,2.25,1.50
2012.10.11 23:28:55.342,1.00296,1.00319,1.50,1.50
2012.10.11 23:29:00.406,1.00298,1.00319,1.50,1.50
2012.10.11 23:29:00.466,1.00301,1.00323,1.50,1.50
2012.10.11 23:29:00.646,1.00301,1.00323,1.50,2.25
2012.10.11 23:29:00.766,1.00295,1.0032,1.50,2.25
2012.10.11 23:29:00.885,1.00295,1.0032,2.25,1.50
2012.10.11 23:29:01.186,1.00295,1.00313,1.88,2.25
2012.10.11 23:29:01.426,1.00295,1.0032,2.25,3.75
2012.10.11 23:29:01.486,1.00294,1.0031,2.30,1.50
2012.10.11 23:29:01.546,1.00294,1.00317,3.80,1.50
2012.10.11 23:29:01.667,1.00294,1.00317,3.05,1.50
2012.10.11 23:29:02.196,1.00295,1.00317,1.55,1.50
2012.10.11 23:29:02.846,1.00294,1.00317,3.05,1.50
2012.10.11 23:29:03.386,1.00295,1.00317,1.55,1.50
2012.10.11 23:29:07.356,1.00295,1.00315,1.55,2.25
2012.10.11 23:29:07.870,1.00294,1.00313,1.55,2.25
2012.10.11 23:29:15.546,1.00295,1.00313,1.55,2.25
2012.10.11 23:29:17.725,1.00294,1.00313,1.55,1.50
2012.10.11 23:29:26.235,1.00288,1.00313,2.45,2.25
2012.10.11 23:29:27.195,1.00288,1.00313,2.45,2.25
2012.10.11 23:29:27.567,1.00287,1.0031,3.20,1.50
2012.10.11 23:29:32.236,1.00292,1.00317,2.45,1.88
2012.10.11 23:29:32.296,1.00292,1.00317,2.45,1.50
2012.10.11 23:29:34.116,1.00292,1.00317,2.45,2.25
2012.10.11 23:29:34.476,1.00287,1.0031,3.20,1.50
2012.10.11 23:29:35.048,1.00287,1.0031,3.20,1.50
2012.10.11 23:29:38.919,1.00287,1.0031,3.20,1.50
2012.10.11 23:29:59.626,1.00287,1.0031,3.20,1.50
2012.10.11 23:30:07.466,1.00292,1.00317,2.45,2.25
2012.10.11 23:30:13.576,1.00291,1.00309,2.45,1.50
2012.10.11 23:30:13.969,1.00284,1.00302,2.60,1.50
2012.10.11 23:30:14.474,1.00285,1.00302,1.57,1.50
2012.10.11 23:30:15.496,1.00285,1.00308,2.32,1.50
2012.10.11 23:30:16.125,1.00284,1.00308,2.48,1.50
2012.10.11 23:30:22.946,1.00283,1.00308,2.36,1.50
2012.10.11 23:30:23.383,1.00283,1.00308,2.25,1.50
2012.10.11 23:30:23.447,1.00281,1.00302,1.50,1.50
2012.10.11 23:30:25.286,1.00283,1.00308,2.25,1.50
2012.10.11 23:30:25.906,1.00289,1.00308,1.50,1.50
2012.10.11 23:30:26.641,1.00286,1.00308,3.00,1.50
2012.10.11 23:30:27.155,1.00286,1.00308,1.88,1.50
2012.10.11 23:30:27.506,1.00284,1.00308,1.50,1.50
2012.10.11 23:30:28.446,1.00285,1.00308,2.25,1.50
2012.10.11 23:30:28.686,1.00289,1.00312,2.25,1.50
2012.10.11 23:30:37.706,1.00289,1.00312,1.50,1.50
2012.10.11 23:30:45.606,1.00289,1.00312,2.25,1.50
2012.10.11 23:30:47.543,1.00289,1.00312,1.50,1.50
2012.10.11 23:30:48.676,1.00286,1.0031,2.25,1.50
2012.10.11 23:30:54.800,1.00285,1.0031,1.50,2.25
2012.10.11 23:30:55.195,1.00282,1.00304,1.50,1.50
2012.10.11 23:30:55.616,1.00284,1.00304,1.50,1.50
2012.10.11 23:30:55.676,1.00285,1.00306,2.25,1.50
2012.10.11 23:30:55.736,1.00285,1.0031,2.25,1.50
2012.10.11 23:30:56.156,1.0029,1.00315,2.25,1.50
2012.10.11 23:30:57.116,1.0029,1.00315,1.50,2.25
2012.10.11 23:30:57.476,1.00285,1.00308,2.85,1.50
2012.10.11 23:30:59.091,1.00285,1.00308,3.00,1.50
2012.10.11 23:31:00.586,1.00289,1.00314,2.25,1.50
2012.10.11 23:31:01.086,1.00289,1.00314,1.50,2.25
2012.10.11 23:31:01.326,1.00289,1.00314,1.50,2.25
2012.10.11 23:31:01.506,1.00283,1.00306,2.63,1.50
2012.10.11 23:31:02.046,1.00285,1.00306,1.50,1.50
2012.10.11 23:31:12.896,1.00286,1.00306,1.50,1.50
2012.10.11 23:31:13.257,1.00287,1.00312,2.25,1.50
2012.10.11 23:31:13.616,1.00287,1.00312,2.25,1.50
2012.10.11 23:31:13.796,1.00292,1.00316,1.50,1.50
2012.10.11 23:31:14.609,1.00292,1.00316,2.25,1.50
2012.10.11 23:31:17.226,1.00298,1.00317,1.50,1.50
2012.10.11 23:31:17.286,1.00298,1.00321,1.50,1.50
2012.10.11 23:31:31.176,1.00298,1.00321,2.25,1.50
2012.10.11 23:31:31.357,1.00303,1.00325,1.50,1.50
2012.10.11 23:31:31.416,1.00303,1.00325,1.50,2.25
2012.10.11 23:31:31.597,1.00303,1.00325,1.50,1.50
2012.10.11 23:31:32.396,1.00303,1.00325,1.50,2.25
2012.10.11 23:31:33.176,1.00303,1.00325,1.50,1.50
2012.10.11 23:31:36.895,1.00303,1.00325,1.50,2.25
2012.10.11 23:31:39.386,1.00303,1.00325,1.50,1.50
2012.10.11 23:31:39.506,1.00303,1.00325,2.25,1.50
2012.10.11 23:31:44.166,1.00306,1.00331,2.25,1.50
2012.10.11 23:31:45.576,1.00306,1.00331,2.25,1.50
2012.10.11 23:32:06.636,1.00306,1.00331,2.25,1.88
2012.10.11 23:32:06.816,1.00306,1.00327,2.25,1.50
2012.10.11 23:32:07.337,1.00304,1.00326,1.50,1.50
2012.10.11 23:32:26.892,1.00304,1.00327,3.00,1.50
2012.10.11 23:32:47.096,1.00301,1.00325,3.00,1.50
2012.10.11 23:33:06.663,1.00301,1.00325,1.50,1.50
2012.10.11 23:33:06.921,1.00303,1.00326,1.50,1.50
2012.10.11 23:33:07.557,1.00303,1.00326,2.25,1.50
2012.10.11 23:33:08.076,1.00307,1.00332,2.25,1.88
2012.10.11 23:33:14.128,1.00307,1.00332,2.25,1.88
2012.10.11 23:33:15.369,1.00307,1.00332,2.25,1.88
2012.10.11 23:33:15.487,1.00305,1.00327,2.25,1.50
2012.10.11 23:33:55.486,1.00306,1.00328,2.25,3.00
2012.10.11 23:34:15.640,1.00306,1.00328,1.50,1.50
2012.10.11 23:34:55.632,1.00292,1.00339,2.10,2.25
2012.10.11 23:35:04.455,1.00292,1.00338,1.65,2.25
2012.10.11 23:35:04.775,1.00292,1.00338,1.65,2.25
2012.10.11 23:35:06.855,1.00293,1.00339,1.43,2.25
2012.10.11 23:35:08.529,1.00293,1.00339,1.43,2.25
2012.10.11 23:35:15.661,1.00293,1.00339,1.43,2.25
2012.10.11 23:35:15.715,1.00303,1.0033,1.50,1.50
2012.10.11 23:35:16.250,1.00304,1.00329,1.50,1.50
2012.10.11 23:35:55.186,1.00304,1.00329,2.25,1.50
2012.10.11 23:35:55.981,1.00307,1.0033,2.25,1.50
2012.10.11 23:35:59.046,1.00307,1.0033,1.50,1.50
2012.10.11 23:36:16.107,1.00305,1.0033,2.25,1.50
2012.10.11 23:36:36.001,1.00305,1.00328,2.25,1.50
2012.10.11 23:36:36.582,1.00303,1.00326,2.25,1.50
2012.10.11 23:36:56.036,1.00304,1.00327,2.25,1.50
2012.10.11 23:36:59.305,1.00304,1.00327,1.50,1.50
2012.10.11 23:37:18.577,1.00304,1.00327,2.25,1.50
2012.10.11 23:37:18.937,1.00304,1.00327,1.50,1.50
2012.10.11 23:37:19.177,1.00304,1.00327,2.25,1.50
2012.10.11 23:37:19.357,1.00304,1.00327,1.50,1.50
2012.10.11 23:37:21.446,1.00304,1.00324,1.50,1.50
2012.10.11 23:37:21.506,1.003,1.00322,2.25,1.50
2012.10.11 23:37:57.468,1.00302,1.00322,1.50,1.50
2012.10.11 23:37:57.527,1.00305,1.00327,1.50,1.50
2012.10.11 23:38:12.758,1.00305,1.00327,2.25,1.50
2012.10.11 23:38:12.821,1.00305,1.00327,1.50,1.50
2012.10.11 23:38:37.617,1.00303,1.00325,1.50,1.50
2012.10.11 23:38:42.294,1.00303,1.00325,2.25,1.50
2012.10.11 23:38:42.657,1.00308,1.0033,1.50,1.50
2012.10.11 23:38:45.867,1.00308,1.0033,1.50,2.25
2012.10.11 23:39:02.585,1.00307,1.00329,1.50,2.25
2012.10.11 23:39:10.907,1.00311,1.00335,2.25,2.63
2012.10.11 23:39:18.157,1.00311,1.00332,1.50,1.13
2012.10.11 23:39:26.032,1.00311,1.00333,1.50,1.13
2012.10.11 23:39:30.938,1.0031,1.00333,1.50,1.13
2012.10.11 23:39:55.897,1.0031,1.00335,2.25,1.88
2012.10.11 23:40:11.088,1.00313,1.00336,1.50,1.88
2012.10.11 23:40:55.784,1.00313,1.00338,1.50,2.63
2012.10.11 23:41:31.383,1.00303,1.00342,1.50,1.73
2012.10.11 23:41:38.416,1.00303,1.0034,1.50,1.13
2012.10.11 23:41:46.544,1.00303,1.00341,1.50,1.28
2012.10.11 23:41:51.447,1.00302,1.00341,1.65,1.28
2012.10.11 23:41:51.506,1.00312,1.00335,1.50,1.88
2012.10.11 23:42:07.847,1.00312,1.00335,1.50,1.88
2012.10.11 23:42:11.723,1.00313,1.00336,1.50,1.88
2012.10.11 23:42:31.567,1.00315,1.00338,1.50,1.88
2012.10.11 23:42:38.556,1.00315,1.00338,1.50,1.88
2012.10.11 23:42:51.677,1.00314,1.00337,1.50,1.88
2012.10.11 23:43:22.127,1.00314,1.00337,1.50,1.88
2012.10.11 23:43:27.690,1.00314,1.00337,1.50,1.88
2012.10.11 23:43:31.657,1.00311,1.00336,1.50,1.88
2012.10.11 23:43:41.658,1.00311,1.00336,2.25,1.88
2012.10.11 23:43:42.409,1.00311,1.00336,2.25,1.88
2012.10.11 23:43:53.418,1.00315,1.0034,2.25,2.25
2012.10.11 23:43:54.088,1.00315,1.00338,1.50,1.13
2012.10.11 23:43:54.628,1.00315,1.0034,2.25,3.00
2012.10.11 23:43:56.688,1.00315,1.0034,2.25,1.88
2012.10.11 23:43:57.221,1.00315,1.0034,2.25,1.88
2012.10.11 23:44:02.290,1.00315,1.00339,1.50,1.50
2012.10.11 23:44:06.778,1.00315,1.00339,1.50,1.50
2012.10.11 23:44:11.946,1.00314,1.00337,1.50,1.88
2012.10.11 23:44:30.126,1.00314,1.00337,2.25,1.88
2012.10.11 23:44:30.366,1.00318,1.00343,2.25,2.25
2012.10.11 23:44:30.727,1.00318,1.00343,1.50,4.50
2012.10.11 23:44:31.310,1.00318,1.00343,1.50,4.50
2012.10.11 23:44:32.377,1.00317,1.00337,2.25,1.88
2012.10.11 23:44:44.509,1.00312,1.00337,2.25,1.88
2012.10.11 23:45:27.296,1.00315,1.0034,2.25,1.88
2012.10.11 23:45:30.937,1.00315,1.0034,1.50,2.25
2012.10.11 23:46:12.497,1.00317,1.0034,1.50,3.38
2012.10.11 23:46:27.258,1.00317,1.0034,1.50,1.88
2012.10.11 23:46:36.346,1.00317,1.0034,1.50,1.88
2012.10.11 23:47:12.701,1.00315,1.00338,1.50,1.88
2012.10.11 23:48:07.817,1.00315,1.00338,1.50,1.88
2012.10.11 23:48:10.801,1.00315,1.00338,2.25,1.88
2012.10.11 23:48:11.305,1.00315,1.00338,2.25,1.88
2012.10.11 23:48:26.267,1.00307,1.00343,1.50,3.38
2012.10.11 23:48:43.257,1.00316,1.00341,2.25,2.25
2012.10.11 23:48:43.619,1.00316,1.00341,2.25,1.88
2012.10.11 23:48:44.217,1.00316,1.00341,2.25,1.88
2012.10.11 23:48:52.688,1.00316,1.00341,2.25,1.88
2012.10.11 23:48:59.368,1.00313,1.00337,2.25,1.88
2012.10.11 23:49:01.227,1.00313,1.00337,2.25,1.88
2012.10.11 23:49:01.740,1.00313,1.00337,2.25,1.88
2012.10.11 23:49:02.344,1.00313,1.00337,2.25,1.88
2012.10.11 23:49:05.843,1.00313,1.00337,2.25,1.88
2012.10.11 23:49:06.404,1.00319,1.00343,2.25,1.88
2012.10.11 23:49:07.053,1.00319,1.00343,2.25,1.88
2012.10.11 23:49:08.287,1.00324,1.00347,2.25,1.09
2012.10.11 23:49:14.510,1.00324,1.00348,2.25,2.37
2012.10.11 23:49:14.849,1.00324,1.00348,1.50,2.37
2012.10.11 23:49:15.895,1.00319,1.00343,2.25,1.88
2012.10.11 23:49:20.074,1.00319,1.00343,2.25,1.88
2012.10.11 23:49:20.597,1.00323,1.00347,2.25,1.20
2012.10.11 23:49:29.147,1.00323,1.00347,2.25,1.17
2012.10.11 23:49:29.267,1.00323,1.00348,2.25,2.31
2012.10.11 23:49:29.568,1.00329,1.0035,1.50,2.92
2012.10.11 23:49:29.808,1.00327,1.00347,2.25,2.31
2012.10.11 23:49:44.039,1.00323,1.00347,2.25,2.31
2012.10.11 23:49:51.038,1.00322,1.00345,2.25,2.31
2012.10.11 23:49:56.417,1.00322,1.00345,1.50,2.31
2012.10.11 23:49:57.143,1.00318,1.0034,2.25,1.50
2012.10.11 23:50:16.357,1.00318,1.0034,1.50,2.31
2012.10.11 23:50:16.597,1.00316,1.00338,2.25,1.50
2012.10.11 23:50:36.537,1.00315,1.00337,2.25,1.50
2012.10.11 23:50:59.051,1.00315,1.00337,2.25,1.50
2012.10.11 23:51:00.387,1.0032,1.00342,2.25,2.69
2012.10.11 23:51:03.202,1.0032,1.00342,2.25,2.31
2012.10.11 23:51:07.678,1.0032,1.00342,2.25,2.31
2012.10.11 23:51:11.117,1.0032,1.00342,1.50,2.31
2012.10.11 23:51:16.537,1.0032,1.00342,1.50,2.31
2012.10.11 23:51:16.718,1.00322,1.00342,1.50,2.31
2012.10.11 23:51:17.077,1.00325,1.00347,2.25,2.31
2012.10.11 23:51:17.471,1.00325,1.00347,1.50,2.31
2012.10.11 23:51:18.144,1.00325,1.00347,1.50,2.31
2012.10.11 23:51:21.347,1.00325,1.00347,1.50,2.31
2012.10.11 23:51:24.948,1.00325,1.00347,2.25,2.31
2012.10.11 23:51:25.127,1.00325,1.00347,2.25,2.31
2012.10.11 23:51:35.078,1.00325,1.00347,2.25,2.31
2012.10.11 23:51:35.585,1.00325,1.00347,2.25,2.31
2012.10.11 23:51:50.757,1.00325,1.00347,2.25,2.31
2012.10.11 23:51:57.387,1.00325,1.00347,2.25,2.31
2012.10.11 23:51:57.627,1.00325,1.00347,2.25,1.88
2012.10.11 23:51:57.808,1.00325,1.00347,2.25,1.88
2012.10.11 23:51:58.408,1.00325,1.00347,2.25,1.88
2012.10.11 23:52:09.487,1.0033,1.00352,2.25,1.50
2012.10.11 23:52:20.521,1.00328,1.00351,2.25,1.50
2012.10.11 23:52:40.198,1.00328,1.00351,1.50,1.50
2012.10.11 23:52:40.498,1.00325,1.00346,1.13,1.50
2012.10.11 23:52:49.178,1.00324,1.00346,2.25,1.50
2012.10.11 23:52:49.419,1.00324,1.00346,2.25,1.50
2012.10.11 23:52:51.598,1.00324,1.00346,2.25,1.50
2012.10.11 23:52:51.718,1.00331,1.00355,2.25,1.50
2012.10.11 23:52:51.898,1.00331,1.00355,2.25,1.50
2012.10.11 23:52:52.078,1.00326,1.00351,3.23,1.50
2012.10.11 23:52:55.248,1.00333,1.00353,1.50,1.50
2012.10.11 23:52:55.308,1.00333,1.00356,1.50,1.88
2012.10.11 23:53:01.368,1.00333,1.00356,1.50,2.25
2012.10.11 23:53:02.206,1.00333,1.00356,1.50,1.88
2012.10.11 23:53:06.088,1.00327,1.00352,2.25,1.50
2012.10.11 23:53:25.408,1.00327,1.00352,2.25,1.50
2012.10.11 23:53:26.128,1.00326,1.00347,2.25,1.50
2012.10.11 23:53:32.840,1.00325,1.00347,2.25,1.50
2012.10.11 23:53:33.208,1.00329,1.00354,2.25,1.50
2012.10.11 23:53:33.368,1.00329,1.00351,2.25,1.50
2012.10.11 23:53:33.428,1.00325,1.00349,2.25,1.50
2012.10.11 23:53:43.859,1.00325,1.00349,2.25,1.50
2012.10.11 23:53:53.494,1.00328,1.00351,2.25,3.00
2012.10.11 23:54:04.303,1.00332,1.00353,2.25,1.50
2012.10.11 23:54:04.376,1.00332,1.00356,2.25,1.88
2012.10.11 23:54:14.028,1.00332,1.00353,2.25,1.50
2012.10.11 23:54:14.688,1.00327,1.00352,2.25,1.50
2012.10.11 23:54:20.267,1.00335,1.00353,1.50,1.50
2012.10.11 23:54:20.327,1.00335,1.00358,1.50,1.13
2012.10.11 23:54:38.288,1.00335,1.0036,2.25,2.25
2012.10.11 23:54:39.019,1.00335,1.0036,2.25,2.25
2012.10.11 23:54:39.078,1.00335,1.00359,1.50,1.13
2012.10.11 23:54:39.320,1.00335,1.0036,2.25,1.88
2012.10.11 23:54:40.098,1.00335,1.0036,2.25,2.25
2012.10.11 23:54:51.164,1.00336,1.00361,2.25,2.25
2012.10.11 23:54:54.849,1.00336,1.00358,1.50,1.13
2012.10.11 23:54:55.208,1.00336,1.00361,2.25,2.25
2012.10.11 23:54:55.748,1.00341,1.00364,1.50,1.50
2012.10.11 23:55:00.438,1.00341,1.00365,2.25,2.25
2012.10.11 23:55:01.857,1.00341,1.00365,2.25,2.25
2012.10.11 23:55:02.038,1.00341,1.00365,2.25,1.50
2012.10.11 23:55:04.658,1.00346,1.00369,2.25,1.50
2012.10.11 23:55:37.215,1.00344,1.00365,1.50,1.50
2012.10.11 23:55:37.278,1.0034,1.00365,2.25,1.50
2012.10.11 23:56:05.548,1.0034,1.00365,1.50,2.25
2012.10.11 23:56:17.189,1.00339,1.00362,1.50,1.50
2012.10.11 23:56:17.308,1.00337,1.00362,1.50,1.50
2012.10.11 23:56:30.879,1.00337,1.00362,2.25,1.50
2012.10.11 23:56:37.249,1.00338,1.00363,2.25,1.88
2012.10.11 23:56:55.728,1.00347,1.00365,1.50,1.50
2012.10.11 23:56:55.788,1.00347,1.00368,1.50,1.13
2012.10.11 23:56:55.848,1.00344,1.00365,1.50,1.50
2012.10.11 23:56:55.908,1.00341,1.00365,2.25,1.50
2012.10.11 23:57:04.679,1.0034,1.00358,1.50,1.50
2012.10.11 23:57:04.740,1.00336,1.00358,2.40,1.50
2012.10.11 23:57:05.363,1.00336,1.00358,2.25,1.50
2012.10.11 23:57:06.460,1.00339,1.00358,2.25,1.50
2012.10.11 23:57:06.519,1.00341,1.00364,2.25,1.50
2012.10.11 23:57:26.619,1.00342,1.00366,1.50,1.50
2012.10.11 23:57:34.928,1.00342,1.00366,1.50,2.25
2012.10.11 23:57:35.477,1.00338,1.0036,1.50,1.50
2012.10.11 23:57:52.357,1.00338,1.0036,2.25,1.50
2012.10.11 23:57:52.618,1.00338,1.0036,1.50,1.50
2012.10.11 23:57:55.177,1.00338,1.00361,1.50,1.50
2012.10.11 23:57:58.639,1.00338,1.00361,1.50,2.25
2012.10.11 23:57:58.698,1.00335,1.00356,1.50,2.25
2012.10.11 23:57:58.878,1.00333,1.00356,2.25,1.50
2012.10.11 23:57:59.688,1.00333,1.00356,1.50,1.50
2012.10.11 23:58:01.648,1.00333,1.00356,1.50,2.25
2012.10.11 23:58:04.368,1.00333,1.00356,1.50,2.25
2012.10.11 23:58:04.488,1.00327,1.0035,1.50,2.25
2012.10.11 23:58:04.788,1.00327,1.0035,2.25,1.50
2012.10.11 23:58:05.168,1.00327,1.0035,1.50,2.25
2012.10.11 23:58:06.948,1.00327,1.0035,2.25,1.50
2012.10.11 23:58:28.108,1.00327,1.0035,1.50,2.25
2012.10.11 23:58:30.669,1.00327,1.0035,1.50,1.50
2012.10.11 23:58:38.478,1.00332,1.00355,1.50,2.25
2012.10.11 23:58:49.839,1.00326,1.00349,2.25,1.50
2012.10.11 23:58:49.959,1.00326,1.00349,2.25,1.50
2012.10.11 23:58:50.418,1.0033,1.00354,2.25,1.50
2012.10.11 23:58:50.660,1.00336,1.0036,2.25,1.50
2012.10.11 23:58:51.358,1.00336,1.0036,1.50,2.25
2012.10.11 23:58:51.549,1.00332,1.00355,1.50,1.50
2012.10.11 23:59:11.556,1.00331,1.00353,2.25,1.50
2012.10.11 23:59:31.669,1.00332,1.00353,1.50,1.50
2012.10.11 23:59:31.728,1.00333,1.00357,1.50,1.50
2012.10.11 23:59:46.359,1.0034,1.00358,1.50,1.50
2012.10.11 23:59:46.419,1.0034,1.00364,1.50,2.63
2012.10.11 23:59:50.816,1.0034,1.00364,2.25,1.50
2012.10.11 23:59:51.689,1.00344,1.00364,2.25,1.50
2012.10.11 23:59:51.748,1.00346,1.0037,2.25,1.50
2012.10.11 23:59:52.170,1.00346,1.0037,2.25,1.50
2012.10.11 23:59:57.678,1.00351,1.00372,2.25,1.50
2012.10.11 23:59:57.739,1.00351,1.00376,2.25,1.50
2012.10.11 23:59:58.889,1.00351,1.00376,2.25,1.50
