2014.12.29 10:00:00.082,0.94706,0.94736,2.32,1.95
2014.12.29 10:00:00.633,0.94708,0.94739,2.32,1.55
2014.12.29 10:00:00.784,0.94705,0.94738,4.87,2.02
2014.12.29 10:00:00.935,0.9471,0.94736,2.32,1.00
2014.12.29 10:00:01.086,0.9471,0.94741,2.32,3.52
2014.12.29 10:00:01.137,0.94709,0.94741,2.32,3.52
2014.12.29 10:00:01.187,0.94706,0.94737,4.87,1.65
2014.12.29 10:00:01.288,0.94706,0.94737,4.50,2.02
2014.12.29 10:00:01.389,0.94703,0.94737,6.37,2.02
2014.12.29 10:00:02.073,0.94709,0.94736,1.00,1.52
2014.12.29 10:00:02.177,0.94709,0.94736,1.07,1.17
2014.12.29 10:00:02.228,0.94709,0.94736,1.17,1.10
2014.12.29 10:00:02.278,0.94709,0.94736,1.55,1.00
2014.12.29 10:00:02.379,0.94708,0.94739,2.70,1.57
2014.12.29 10:00:02.941,0.94708,0.94739,2.32,2.02
2014.12.29 10:00:15.018,0.94711,0.94741,2.70,1.57
2014.12.29 10:00:15.321,0.94713,0.94748,2.32,5.32
2014.12.29 10:00:16.078,0.94711,0.94745,4.50,2.70
2014.12.29 10:00:36.168,0.94709,0.94745,5.10,6.37
2014.12.29 10:00:46.663,0.94714,0.94744,1.20,2.70
2014.12.29 10:00:47.223,0.94714,0.94743,1.17,2.70
2014.12.29 10:00:48.486,0.94714,0.94743,1.15,2.70
2014.12.29 10:00:48.536,0.94714,0.94744,1.15,2.70
2014.12.29 10:00:49.040,0.94713,0.94743,3.07,2.70
2014.12.29 10:00:49.108,0.94713,0.94743,1.15,4.87
2014.12.29 10:00:50.304,0.94713,0.94744,1.15,1.90
2014.12.29 10:00:50.665,0.94713,0.94744,3.07,1.90
2014.12.29 10:00:53.701,0.94713,0.94745,3.07,2.70
2014.12.29 10:00:56.309,0.94714,0.94745,1.15,3.07
2014.12.29 10:01:00.298,0.94713,0.94745,3.07,3.07
2014.12.29 10:01:00.807,0.94714,0.94742,1.15,2.02
2014.12.29 10:01:03.003,0.94713,0.94742,3.07,2.02
2014.12.29 10:01:05.903,0.94713,0.94744,3.07,4.20
2014.12.29 10:01:06.409,0.94713,0.94742,1.15,2.02
2014.12.29 10:01:26.146,0.94713,0.94743,1.15,5.25
2014.12.29 10:01:30.232,0.94713,0.94743,1.15,2.70
2014.12.29 10:01:30.282,0.94713,0.94744,3.07,2.70
2014.12.29 10:01:30.584,0.94717,0.94746,2.32,1.52
2014.12.29 10:01:30.685,0.94714,0.94747,2.32,3.45
2014.12.29 10:01:32.301,0.94714,0.94746,2.32,2.40
2014.12.29 10:01:32.402,0.94714,0.94744,2.32,2.02
2014.12.29 10:01:32.603,0.94714,0.94744,2.32,2.02
2014.12.29 10:01:32.920,0.94716,0.94744,2.32,1.95
2014.12.29 10:01:33.223,0.94718,0.94746,2.32,1.27
2014.12.29 10:01:43.790,0.94718,0.94741,2.32,1.00
2014.12.29 10:01:44.330,0.94718,0.94742,2.32,1.00
2014.12.29 10:01:44.482,0.94718,0.94747,2.32,1.52
2014.12.29 10:01:44.837,0.94722,0.94747,2.32,1.00
2014.12.29 10:01:45.039,0.94716,0.94746,2.32,1.10
2014.12.29 10:01:45.089,0.94716,0.94746,2.32,1.85
2014.12.29 10:01:45.392,0.94716,0.94736,2.32,1.00
2014.12.29 10:01:45.959,0.94713,0.94736,2.32,1.00
2014.12.29 10:01:46.489,0.94713,0.94742,2.32,3.00
2014.12.29 10:01:46.640,0.94711,0.94741,4.50,1.87
2014.12.29 10:01:51.620,0.94711,0.94742,2.32,1.90
2014.12.29 10:01:57.850,0.94712,0.94742,4.50,1.75
2014.12.29 10:01:57.901,0.94712,0.94742,4.50,1.37
2014.12.29 10:02:04.389,0.94714,0.94742,2.32,1.37
2014.12.29 10:02:04.440,0.94714,0.94742,2.70,1.00
2014.12.29 10:02:04.490,0.94721,0.94742,2.32,1.00
2014.12.29 10:02:04.591,0.94721,0.94747,2.32,1.37
2014.12.29 10:02:05.419,0.9472,0.94746,2.32,1.12
2014.12.29 10:02:08.553,0.9472,0.94746,2.32,1.37
2014.12.29 10:02:08.604,0.94715,0.94746,3.07,1.52
2014.12.29 10:02:08.906,0.94713,0.94743,2.32,1.65
2014.12.29 10:02:09.007,0.94717,0.94746,2.32,2.02
2014.12.29 10:02:09.058,0.94717,0.94746,2.32,1.55
2014.12.29 10:02:09.108,0.94714,0.94746,2.32,1.52
2014.12.29 10:02:09.159,0.94714,0.94744,2.32,2.02
2014.12.29 10:02:09.461,0.94712,0.94743,2.32,2.70
2014.12.29 10:02:11.809,0.9471,0.94741,2.32,4.20
2014.12.29 10:02:12.112,0.94712,0.94742,4.50,1.52
2014.12.29 10:02:12.212,0.94712,0.94742,4.50,1.27
2014.12.29 10:02:13.022,0.94713,0.94744,2.32,2.02
2014.12.29 10:02:14.175,0.94713,0.94746,2.32,2.77
2014.12.29 10:02:14.428,0.94713,0.94746,2.32,2.40
2014.12.29 10:02:14.529,0.94711,0.94744,2.32,2.02
2014.12.29 10:02:15.978,0.94712,0.94743,2.32,2.70
2014.12.29 10:02:16.439,0.9471,0.94741,2.32,2.70
2014.12.29 10:02:17.400,0.94711,0.94741,2.32,2.70
2014.12.29 10:02:17.450,0.94712,0.94743,2.32,2.70
2014.12.29 10:02:19.097,0.94713,0.94743,2.32,2.70
2014.12.29 10:02:19.148,0.94713,0.94746,4.50,6.00
2014.12.29 10:02:23.989,0.94715,0.94746,2.32,2.70
2014.12.29 10:02:24.579,0.94717,0.94747,2.32,2.02
2014.12.29 10:02:26.691,0.94719,0.9475,2.32,2.70
2014.12.29 10:02:35.899,0.94722,0.94751,2.32,1.52
2014.12.29 10:02:36.440,0.94722,0.94752,2.32,1.52
2014.12.29 10:02:36.541,0.94719,0.94752,4.50,6.00
2014.12.29 10:02:36.692,0.94719,0.94749,2.32,2.70
2014.12.29 10:02:36.742,0.94716,0.94749,4.50,4.87
2014.12.29 10:02:38.265,0.94716,0.9475,2.32,2.40
2014.12.29 10:02:39.191,0.94716,0.9475,2.32,2.02
2014.12.29 10:02:42.347,0.94716,0.94751,2.32,4.57
2014.12.29 10:02:42.869,0.94716,0.94746,2.32,1.47
2014.12.29 10:02:43.419,0.94716,0.94746,2.32,1.47
2014.12.29 10:02:44.410,0.94716,0.94746,2.32,1.47
2014.12.29 10:02:51.597,0.94716,0.94743,2.32,2.25
2014.12.29 10:02:51.648,0.94711,0.94743,2.32,2.40
2014.12.29 10:02:51.749,0.94708,0.94741,3.45,2.02
2014.12.29 10:03:03.277,0.94704,0.9474,3.07,2.40
2014.12.29 10:03:04.584,0.94709,0.94741,1.10,4.57
2014.12.29 10:03:07.393,0.94708,0.94741,2.32,3.45
2014.12.29 10:03:07.443,0.94708,0.94741,4.50,1.52
2014.12.29 10:03:07.962,0.94708,0.94741,4.87,2.77
2014.12.29 10:03:08.614,0.9471,0.94741,2.32,1.45
2014.12.29 10:03:09.145,0.94711,0.94743,2.32,1.95
2014.12.29 10:03:09.619,0.94711,0.94743,2.32,2.40
2014.12.29 10:03:09.669,0.94708,0.94742,5.25,2.02
2014.12.29 10:03:09.921,0.94708,0.94739,5.25,2.02
2014.12.29 10:03:11.687,0.94708,0.94739,5.62,2.02
2014.12.29 10:03:12.288,0.94708,0.94742,5.62,2.02
2014.12.29 10:03:17.826,0.94711,0.94744,2.70,2.62
2014.12.29 10:03:17.877,0.94713,0.94746,2.70,3.52
2014.12.29 10:03:17.927,0.94715,0.94746,2.70,1.45
2014.12.29 10:03:18.129,0.94717,0.94751,2.32,3.15
2014.12.29 10:03:20.353,0.94717,0.94748,2.32,2.02
2014.12.29 10:03:20.403,0.94714,0.94748,3.07,2.02
2014.12.29 10:03:20.655,0.94714,0.94743,3.00,1.95
2014.12.29 10:03:20.706,0.9471,0.94743,2.32,2.02
2014.12.29 10:03:22.648,0.9471,0.94741,2.32,2.77
2014.12.29 10:03:22.699,0.94707,0.94741,2.92,2.77
2014.12.29 10:03:23.222,0.94707,0.9474,2.92,2.02
2014.12.29 10:03:24.180,0.94706,0.94739,2.92,4.20
2014.12.29 10:03:24.281,0.94704,0.94736,3.67,2.02
2014.12.29 10:03:24.758,0.94704,0.94736,2.32,3.15
2014.12.29 10:03:24.910,0.947,0.94732,2.32,2.02
2014.12.29 10:03:25.011,0.94699,0.94733,1.50,2.40
2014.12.29 10:03:27.770,0.94699,0.94732,1.12,2.02
2014.12.29 10:03:27.871,0.94701,0.94734,2.32,2.70
2014.12.29 10:03:27.922,0.94702,0.94735,2.32,2.02
2014.12.29 10:03:28.293,0.94703,0.94735,4.50,2.02
2014.12.29 10:03:30.847,0.94703,0.94735,4.87,2.02
2014.12.29 10:03:32.070,0.94703,0.94736,4.50,2.40
2014.12.29 10:03:32.221,0.947,0.94733,2.70,2.02
2014.12.29 10:03:32.426,0.94703,0.94734,2.32,1.95
2014.12.29 10:03:53.129,0.94704,0.94737,1.15,2.70
2014.12.29 10:03:57.746,0.94704,0.94734,1.07,3.07
2014.12.29 10:03:57.797,0.94704,0.94734,1.00,5.25
2014.12.29 10:03:58.842,0.94704,0.94731,1.00,1.52
2014.12.29 10:04:03.670,0.94703,0.94734,1.00,6.75
2014.12.29 10:04:04.046,0.94703,0.94734,1.07,4.57
2014.12.29 10:04:04.796,0.94703,0.94735,1.15,4.20
2014.12.29 10:04:05.106,0.94703,0.94735,1.15,4.57
2014.12.29 10:04:05.546,0.94703,0.94735,1.15,4.57
2014.12.29 10:04:06.167,0.94703,0.94738,1.15,3.15
2014.12.29 10:04:07.250,0.94703,0.94738,1.15,3.15
2014.12.29 10:04:09.782,0.94707,0.94737,2.32,1.95
2014.12.29 10:04:09.883,0.94707,0.94741,2.32,3.52
2014.12.29 10:04:10.488,0.9471,0.94743,2.32,2.40
2014.12.29 10:04:13.262,0.9471,0.94745,3.82,3.07
2014.12.29 10:04:16.187,0.94712,0.94745,4.50,2.02
2014.12.29 10:04:23.381,0.94713,0.94748,1.15,6.75
2014.12.29 10:04:26.237,0.94712,0.94745,4.87,2.02
2014.12.29 10:04:29.538,0.94712,0.94746,4.50,2.02
2014.12.29 10:04:30.939,0.94712,0.94743,2.32,2.02
2014.12.29 10:04:31.047,0.9471,0.94743,2.70,2.02
2014.12.29 10:04:34.037,0.9471,0.94744,2.32,4.57
2014.12.29 10:04:34.138,0.94708,0.94742,1.15,2.02
2014.12.29 10:04:37.956,0.94709,0.94743,2.32,4.20
2014.12.29 10:04:38.468,0.9471,0.94743,2.32,2.02
2014.12.29 10:04:38.823,0.9471,0.94743,2.32,2.40
2014.12.29 10:04:38.924,0.94705,0.9474,4.50,2.02
2014.12.29 10:04:44.282,0.94705,0.94738,2.62,2.70
2014.12.29 10:04:44.333,0.94704,0.94736,1.65,2.32
2014.12.29 10:04:44.585,0.94703,0.94736,3.07,4.20
2014.12.29 10:04:45.312,0.94703,0.94736,5.25,2.02
2014.12.29 10:04:45.535,0.94703,0.94736,5.25,1.65
2014.12.29 10:04:46.229,0.94705,0.94741,4.50,2.02
2014.12.29 10:04:49.829,0.94704,0.94739,1.52,6.37
2014.12.29 10:04:54.801,0.94704,0.94739,2.70,2.70
2014.12.29 10:04:54.953,0.94711,0.94744,4.87,1.52
2014.12.29 10:04:55.410,0.94714,0.94748,2.32,2.70
2014.12.29 10:04:55.763,0.94712,0.94747,2.32,2.70
2014.12.29 10:04:59.928,0.94715,0.94747,1.65,2.70
2014.12.29 10:04:59.979,0.94715,0.9475,1.65,3.07
2014.12.29 10:05:00.726,0.94714,0.9475,3.82,3.07
2014.12.29 10:05:06.640,0.94715,0.94749,2.32,2.02
2014.12.29 10:05:06.691,0.94717,0.94748,2.32,2.70
2014.12.29 10:05:06.792,0.94715,0.94747,2.32,2.70
2014.12.29 10:05:14.409,0.94714,0.94745,2.32,2.70
2014.12.29 10:05:14.460,0.94712,0.94745,4.20,2.70
2014.12.29 10:05:21.391,0.94712,0.94743,2.02,2.70
2014.12.29 10:05:22.077,0.9471,0.94741,2.32,2.70
2014.12.29 10:05:24.694,0.94713,0.94741,2.32,2.02
2014.12.29 10:05:24.795,0.94713,0.94743,2.32,2.02
2014.12.29 10:05:25.377,0.94713,0.94744,2.32,2.02
2014.12.29 10:05:26.685,0.94712,0.94743,2.32,2.70
2014.12.29 10:05:26.799,0.9471,0.94743,4.87,4.87
2014.12.29 10:05:27.128,0.94709,0.9474,2.32,2.70
2014.12.29 10:05:44.329,0.9471,0.94743,2.32,4.57
2014.12.29 10:05:46.769,0.9471,0.94743,2.32,3.07
2014.12.29 10:05:46.870,0.94709,0.9474,2.32,2.70
2014.12.29 10:05:47.174,0.94707,0.94738,4.20,2.32
2014.12.29 10:05:47.478,0.94709,0.9474,2.70,2.70
2014.12.29 10:05:51.868,0.94707,0.94738,2.32,4.20
2014.12.29 10:05:59.258,0.9471,0.94741,2.70,2.70
2014.12.29 10:05:59.359,0.94711,0.94742,2.32,1.52
2014.12.29 10:05:59.460,0.94709,0.94742,2.32,2.32
2014.12.29 10:06:00.166,0.94708,0.94739,2.32,2.70
2014.12.29 10:06:21.405,0.94708,0.94739,2.32,3.07
2014.12.29 10:06:21.506,0.94704,0.94732,3.07,2.02
2014.12.29 10:06:21.608,0.94698,0.94728,1.15,2.70
2014.12.29 10:06:21.709,0.94698,0.94729,5.25,2.02
2014.12.29 10:06:22.239,0.94698,0.94731,4.50,6.00
2014.12.29 10:06:22.796,0.94698,0.94731,4.50,4.87
2014.12.29 10:06:23.326,0.94698,0.94731,4.50,5.25
2014.12.29 10:06:23.427,0.94695,0.94728,2.32,2.70
2014.12.29 10:06:23.972,0.94695,0.94725,2.32,2.02
2014.12.29 10:06:24.023,0.94695,0.94718,2.32,1.50
2014.12.29 10:06:24.124,0.94695,0.9472,2.32,1.50
2014.12.29 10:06:24.275,0.94695,0.94726,2.32,2.77
2014.12.29 10:06:25.373,0.94694,0.94722,2.32,1.45
2014.12.29 10:06:25.608,0.94689,0.94721,2.32,2.02
2014.12.29 10:06:25.709,0.94691,0.94722,2.32,2.77
2014.12.29 10:06:26.011,0.94694,0.94721,2.32,1.17
2014.12.29 10:06:26.414,0.94696,0.94727,2.32,3.07
2014.12.29 10:06:28.191,0.94697,0.94727,2.32,1.52
2014.12.29 10:06:31.687,0.947,0.94731,2.32,4.87
2014.12.29 10:06:31.839,0.94701,0.94734,4.50,4.87
2014.12.29 10:06:33.488,0.94704,0.94734,2.32,2.70
2014.12.29 10:06:34.551,0.94704,0.94735,2.32,3.07
2014.12.29 10:06:48.314,0.94713,0.9474,2.32,1.55
2014.12.29 10:06:48.617,0.94717,0.94745,2.32,1.15
2014.12.29 10:06:48.718,0.9472,0.94751,2.32,4.20
2014.12.29 10:06:48.919,0.94715,0.94747,1.52,4.50
2014.12.29 10:06:49.020,0.94717,0.94748,2.32,2.32
2014.12.29 10:06:49.121,0.94718,0.94751,4.50,6.00
2014.12.29 10:06:50.426,0.94721,0.94751,2.32,3.45
2014.12.29 10:06:51.143,0.94721,0.94751,2.32,1.52
2014.12.29 10:07:00.565,0.94723,0.94751,2.32,1.10
2014.12.29 10:07:00.767,0.94726,0.94751,2.32,1.00
2014.12.29 10:07:01.314,0.94726,0.94757,2.70,3.45
2014.12.29 10:07:04.848,0.94728,0.94757,2.70,2.25
2014.12.29 10:07:04.898,0.9473,0.94761,2.32,3.45
2014.12.29 10:07:05.505,0.94728,0.94759,2.32,2.70
2014.12.29 10:07:06.008,0.9473,0.94761,2.32,2.32
2014.12.29 10:07:06.310,0.94733,0.94764,2.32,2.70
2014.12.29 10:07:09.165,0.94733,0.94763,2.32,2.70
2014.12.29 10:07:09.216,0.9473,0.94761,2.32,2.32
2014.12.29 10:07:09.317,0.94731,0.94763,2.32,2.70
2014.12.29 10:07:10.489,0.94732,0.94763,2.32,2.32
2014.12.29 10:07:10.590,0.94732,0.94765,4.50,5.25
2014.12.29 10:07:11.552,0.94734,0.94765,2.32,2.32
2014.12.29 10:07:12.064,0.94735,0.94766,2.32,3.45
2014.12.29 10:07:14.476,0.94736,0.94766,2.32,2.32
2014.12.29 10:07:14.526,0.94737,0.94768,2.70,2.32
2014.12.29 10:07:14.627,0.94739,0.9477,2.32,3.07
2014.12.29 10:07:14.930,0.94735,0.94769,2.32,2.32
2014.12.29 10:07:15.081,0.94735,0.94767,3.82,2.32
2014.12.29 10:07:15.383,0.94738,0.94769,3.82,2.32
2014.12.29 10:07:16.406,0.94739,0.94769,2.32,2.70
2014.12.29 10:07:16.456,0.9474,0.94771,2.32,1.52
2014.12.29 10:07:16.759,0.9474,0.9477,1.65,2.32
2014.12.29 10:07:16.910,0.94741,0.94774,2.32,3.45
2014.12.29 10:07:16.961,0.9474,0.94772,3.82,2.70
2014.12.29 10:07:17.464,0.94739,0.94772,6.37,5.62
2014.12.29 10:07:18.976,0.94739,0.9477,2.32,2.70
2014.12.29 10:07:19.027,0.94737,0.9477,4.50,4.87
2014.12.29 10:07:19.077,0.94737,0.94766,2.32,2.32
2014.12.29 10:07:19.128,0.94735,0.94766,2.70,2.32
2014.12.29 10:07:19.380,0.94733,0.94763,2.32,2.32
2014.12.29 10:07:20.035,0.94732,0.94763,2.32,2.70
2014.12.29 10:07:20.769,0.9473,0.94761,2.32,2.32
2014.12.29 10:07:20.820,0.94728,0.94761,4.87,4.50
2014.12.29 10:07:21.275,0.94728,0.94759,2.32,2.32
2014.12.29 10:07:21.325,0.94726,0.94759,4.50,6.00
2014.12.29 10:07:21.377,0.94726,0.94753,2.32,1.05
2014.12.29 10:07:21.427,0.94724,0.94753,1.15,1.12
2014.12.29 10:07:21.478,0.94721,0.94751,2.32,2.62
2014.12.29 10:07:21.639,0.9472,0.94751,2.32,1.52
2014.12.29 10:07:22.772,0.94722,0.94755,2.70,2.32
2014.12.29 10:07:22.823,0.94722,0.94756,2.70,1.27
2014.12.29 10:07:22.874,0.94726,0.94756,2.70,1.27
2014.12.29 10:07:22.924,0.94726,0.94756,2.70,1.20
2014.12.29 10:07:23.286,0.94726,0.94756,2.32,1.85
2014.12.29 10:07:23.437,0.94723,0.94757,2.32,1.50
2014.12.29 10:07:23.488,0.94721,0.94754,2.32,3.00
2014.12.29 10:07:23.539,0.94718,0.94751,3.07,1.52
2014.12.29 10:07:24.668,0.94718,0.94752,2.32,1.52
2014.12.29 10:07:26.201,0.94717,0.94752,1.65,5.25
2014.12.29 10:07:26.503,0.94714,0.94745,1.00,3.07
2014.12.29 10:07:26.806,0.94709,0.94745,1.15,3.07
2014.12.29 10:07:27.007,0.94709,0.9474,1.15,3.07
2014.12.29 10:07:30.098,0.94705,0.94739,2.32,5.32
2014.12.29 10:07:30.149,0.94704,0.94739,1.15,3.82
2014.12.29 10:07:30.935,0.94702,0.94739,3.82,4.57
2014.12.29 10:07:35.435,0.94704,0.9474,1.00,1.90
2014.12.29 10:07:36.721,0.94704,0.94741,1.00,3.15
2014.12.29 10:07:39.231,0.94704,0.9474,1.00,1.65
2014.12.29 10:07:39.830,0.94704,0.9474,1.00,1.90
2014.12.29 10:07:40.333,0.94704,0.94741,1.12,3.15
2014.12.29 10:07:40.433,0.94704,0.94741,1.12,3.15
2014.12.29 10:07:40.535,0.94704,0.9474,1.12,1.52
2014.12.29 10:07:40.974,0.94704,0.9474,1.00,4.65
2014.12.29 10:07:41.276,0.94704,0.9474,1.12,3.90
2014.12.29 10:07:41.377,0.94704,0.94739,1.00,1.90
2014.12.29 10:07:42.265,0.94704,0.94739,1.00,2.40
2014.12.29 10:07:42.875,0.947,0.9474,2.02,3.15
2014.12.29 10:07:43.405,0.94703,0.9474,2.02,1.90
2014.12.29 10:07:43.751,0.94703,0.9474,2.02,1.65
2014.12.29 10:07:44.455,0.94702,0.94739,2.40,1.65
2014.12.29 10:07:44.556,0.94703,0.9474,2.40,1.12
2014.12.29 10:07:45.301,0.94708,0.94741,1.87,1.57
2014.12.29 10:07:45.615,0.94708,0.94741,1.87,1.20
2014.12.29 10:07:46.004,0.94708,0.94741,1.87,1.57
2014.12.29 10:07:48.589,0.94707,0.94741,2.02,1.27
2014.12.29 10:07:50.292,0.94707,0.94741,2.02,1.20
2014.12.29 10:07:50.443,0.94705,0.94741,2.02,1.12
2014.12.29 10:07:50.544,0.94705,0.94742,2.02,3.37
2014.12.29 10:07:50.645,0.94709,0.94736,1.00,1.10
2014.12.29 10:07:50.998,0.94704,0.94731,1.17,1.00
2014.12.29 10:07:51.099,0.947,0.94737,2.32,1.77
2014.12.29 10:07:51.250,0.94701,0.94737,1.57,1.75
2014.12.29 10:07:51.422,0.947,0.9474,2.32,1.15
2014.12.29 10:07:51.727,0.94705,0.9474,2.32,2.32
2014.12.29 10:07:56.679,0.94709,0.94737,1.87,2.32
2014.12.29 10:07:56.981,0.94705,0.9474,2.32,2.32
2014.12.29 10:08:07.135,0.94711,0.9474,1.37,2.32
2014.12.29 10:08:07.185,0.94711,0.94741,1.52,1.15
2014.12.29 10:08:07.286,0.94712,0.94741,4.50,1.00
2014.12.29 10:08:08.287,0.9471,0.94741,2.70,1.17
2014.12.29 10:08:08.389,0.94709,0.94742,2.02,3.07
2014.12.29 10:08:13.075,0.94707,0.94736,2.32,1.00
2014.12.29 10:08:16.595,0.94707,0.94737,3.82,1.10
2014.12.29 10:08:17.804,0.94707,0.94736,4.20,1.00
2014.12.29 10:08:21.154,0.94707,0.94737,4.20,1.10
2014.12.29 10:08:21.491,0.94713,0.94741,1.65,1.17
2014.12.29 10:08:28.046,0.94711,0.94736,2.70,1.00
2014.12.29 10:08:28.836,0.94716,0.94746,2.32,1.07
2014.12.29 10:08:28.937,0.94718,0.94746,4.87,1.00
2014.12.29 10:08:29.139,0.94718,0.94752,4.87,1.52
2014.12.29 10:08:44.166,0.94724,0.94751,1.50,1.15
2014.12.29 10:08:45.090,0.94722,0.94751,2.02,1.15
2014.12.29 10:08:49.132,0.94722,0.94751,1.65,1.17
2014.12.29 10:08:49.649,0.94722,0.94751,1.65,1.10
2014.12.29 10:08:57.193,0.9472,0.94751,1.65,1.15
2014.12.29 10:08:59.859,0.94717,0.94746,4.20,1.00
2014.12.29 10:09:11.338,0.94717,0.94746,2.32,1.07
2014.12.29 10:09:11.389,0.94714,0.94746,3.82,1.15
2014.12.29 10:09:14.993,0.94714,0.94747,2.32,1.90
2014.12.29 10:09:15.145,0.94711,0.94746,2.32,4.57
2014.12.29 10:09:15.195,0.9471,0.9474,2.32,2.62
2014.12.29 10:09:15.246,0.94706,0.9474,3.45,2.70
2014.12.29 10:09:18.529,0.94703,0.94737,1.15,5.62
2014.12.29 10:09:23.584,0.947,0.94731,4.87,1.00
2014.12.29 10:09:23.635,0.947,0.94731,2.32,1.45
2014.12.29 10:09:23.736,0.94696,0.9473,2.70,2.70
2014.12.29 10:09:23.837,0.94694,0.94729,2.70,2.70
2014.12.29 10:09:23.938,0.94694,0.94727,2.32,2.70
2014.12.29 10:09:24.039,0.94691,0.94726,2.32,2.70
2014.12.29 10:09:32.152,0.94691,0.94725,2.32,2.70
2014.12.29 10:09:32.203,0.94691,0.94725,2.32,4.57
2014.12.29 10:09:32.354,0.94684,0.94718,1.27,2.70
2014.12.29 10:09:33.543,0.94684,0.94718,2.32,2.32
2014.12.29 10:09:33.644,0.94686,0.94721,2.32,2.32
2014.12.29 10:09:33.746,0.94688,0.94723,2.32,2.70
2014.12.29 10:09:34.861,0.94691,0.94723,2.32,2.32
2014.12.29 10:09:34.912,0.94692,0.94726,2.32,2.70
2014.12.29 10:09:35.468,0.94692,0.94725,4.50,4.50
2014.12.29 10:09:37.683,0.94693,0.94725,2.32,2.32
2014.12.29 10:09:37.784,0.94694,0.94727,2.32,2.70
2014.12.29 10:09:39.483,0.94694,0.94725,2.32,2.70
2014.12.29 10:09:40.042,0.94693,0.94724,2.32,2.70
2014.12.29 10:09:41.982,0.94693,0.94723,2.32,2.70
2014.12.29 10:09:42.032,0.9469,0.94723,4.50,4.87
2014.12.29 10:09:42.083,0.9469,0.94719,2.32,2.70
2014.12.29 10:09:42.134,0.94686,0.94719,4.87,4.87
2014.12.29 10:09:42.704,0.94686,0.94717,2.32,2.70
2014.12.29 10:09:43.208,0.94687,0.94716,2.32,2.32
2014.12.29 10:09:43.258,0.94687,0.9472,4.50,4.87
2014.12.29 10:09:43.309,0.94687,0.94718,2.32,2.70
2014.12.29 10:09:43.359,0.94685,0.94718,4.87,4.87
2014.12.29 10:09:48.572,0.94686,0.94718,2.70,2.70
2014.12.29 10:09:48.673,0.94688,0.94718,2.32,2.70
2014.12.29 10:09:48.776,0.94685,0.94718,4.50,4.87
2014.12.29 10:09:55.096,0.94688,0.94718,2.32,2.70
2014.12.29 10:09:55.197,0.94689,0.9472,2.32,2.70
2014.12.29 10:09:55.611,0.94689,0.94718,2.32,2.70
2014.12.29 10:09:55.661,0.94685,0.94718,4.50,4.87
2014.12.29 10:09:55.712,0.94685,0.94716,2.32,2.70
2014.12.29 10:09:55.863,0.94684,0.94714,2.02,2.32
2014.12.29 10:09:55.914,0.94686,0.94714,2.70,2.32
2014.12.29 10:09:55.964,0.94686,0.94717,4.87,1.15
2014.12.29 10:09:56.423,0.94686,0.94716,2.32,2.32
2014.12.29 10:09:56.474,0.94684,0.94715,2.70,2.32
2014.12.29 10:09:58.589,0.94685,0.94715,2.32,2.70
2014.12.29 10:09:58.690,0.94689,0.94718,2.32,2.62
2014.12.29 10:09:58.791,0.94693,0.94721,2.32,1.27
2014.12.29 10:09:58.893,0.94695,0.94721,2.32,1.07
2014.12.29 10:09:59.145,0.94696,0.94726,2.32,1.15
2014.12.29 10:09:59.296,0.94693,0.94724,2.32,2.32
2014.12.29 10:10:01.481,0.94691,0.94722,2.32,2.70
2014.12.29 10:10:11.602,0.94691,0.94719,2.32,2.32
2014.12.29 10:10:11.703,0.94687,0.94717,1.65,2.70
2014.12.29 10:10:11.804,0.94685,0.94717,2.02,4.87
2014.12.29 10:10:12.207,0.94686,0.94717,2.32,2.70
2014.12.29 10:10:12.715,0.94687,0.94718,2.32,2.70
2014.12.29 10:10:13.084,0.94685,0.94716,2.70,2.70
2014.12.29 10:10:17.796,0.94683,0.94714,2.70,2.70
2014.12.29 10:10:18.224,0.94685,0.94716,2.70,2.70
2014.12.29 10:10:19.326,0.94687,0.94716,2.32,2.32
2014.12.29 10:10:19.427,0.94688,0.94719,2.32,2.70
2014.12.29 10:10:20.427,0.94686,0.94717,2.32,2.70
2014.12.29 10:10:36.875,0.94688,0.94717,2.32,2.32
2014.12.29 10:10:36.976,0.94688,0.94721,4.50,5.62
2014.12.29 10:10:42.583,0.94688,0.94718,2.32,2.70
2014.12.29 10:10:42.785,0.94684,0.94715,2.32,2.70
2014.12.29 10:10:44.301,0.94687,0.94715,2.70,2.32
2014.12.29 10:10:44.352,0.94688,0.94719,2.32,3.45
2014.12.29 10:10:44.453,0.9469,0.94721,2.32,1.52
2014.12.29 10:10:45.443,0.94689,0.9472,4.50,2.70
2014.12.29 10:10:45.746,0.94686,0.94717,2.32,2.32
2014.12.29 10:10:54.735,0.94689,0.94719,2.32,2.70
2014.12.29 10:10:55.239,0.94689,0.9472,2.32,2.70
2014.12.29 10:10:55.541,0.94687,0.94718,2.32,2.70
2014.12.29 10:11:04.184,0.94686,0.9472,2.32,1.52
2014.12.29 10:11:05.305,0.94686,0.94719,4.50,2.70
2014.12.29 10:11:06.144,0.94687,0.94717,2.32,2.77
2014.12.29 10:11:08.598,0.94685,0.94716,2.32,2.70
2014.12.29 10:11:10.054,0.94687,0.94717,2.32,1.52
2014.12.29 10:11:10.570,0.94687,0.94717,2.32,1.52
2014.12.29 10:11:10.902,0.9469,0.9472,2.32,1.52
2014.12.29 10:11:11.171,0.9469,0.9472,4.50,1.52
2014.12.29 10:11:14.599,0.9469,0.9472,2.32,1.52
2014.12.29 10:11:14.650,0.94688,0.9472,4.50,1.52
2014.12.29 10:11:17.311,0.94688,0.94719,4.50,3.45
2014.12.29 10:11:20.129,0.94686,0.94717,2.32,2.70
2014.12.29 10:11:20.633,0.94683,0.94714,2.70,2.70
2014.12.29 10:11:23.016,0.94684,0.94716,2.70,2.32
2014.12.29 10:11:23.117,0.94688,0.94718,2.32,5.62
2014.12.29 10:11:23.268,0.9469,0.94717,2.32,1.17
2014.12.29 10:11:23.319,0.94689,0.94717,2.32,1.17
2014.12.29 10:11:23.997,0.94688,0.94718,2.32,1.52
2014.12.29 10:11:26.207,0.94687,0.94717,2.32,2.70
2014.12.29 10:11:26.258,0.94684,0.94717,2.70,3.45
2014.12.29 10:11:26.409,0.94683,0.94715,2.32,2.70
2014.12.29 10:11:27.949,0.94682,0.94715,4.87,5.62
2014.12.29 10:11:28.757,0.94686,0.94715,2.32,1.27
2014.12.29 10:11:37.344,0.94684,0.94716,2.32,3.45
2014.12.29 10:11:37.874,0.94683,0.94716,4.50,5.62
2014.12.29 10:11:38.478,0.94686,0.94715,4.50,1.15
2014.12.29 10:11:42.378,0.94686,0.94715,4.50,1.52
2014.12.29 10:11:42.680,0.9468,0.9471,2.32,2.70
2014.12.29 10:11:42.731,0.94677,0.94709,2.32,1.15
2014.12.29 10:11:42.781,0.94676,0.94708,2.32,2.32
2014.12.29 10:11:43.033,0.94674,0.94706,1.15,5.10
2014.12.29 10:11:51.304,0.94676,0.94702,2.32,1.17
2014.12.29 10:11:51.925,0.94676,0.94702,2.32,1.10
2014.12.29 10:11:54.422,0.94676,0.94701,2.32,1.00
2014.12.29 10:11:54.992,0.94677,0.94701,2.32,1.00
2014.12.29 10:11:55.317,0.94679,0.94701,4.50,1.00
2014.12.29 10:11:55.418,0.94679,0.94709,4.50,2.02
2014.12.29 10:11:55.468,0.94681,0.94711,2.32,1.52
2014.12.29 10:11:55.620,0.94681,0.94712,4.50,1.52
2014.12.29 10:11:55.670,0.94681,0.94711,2.32,2.70
2014.12.29 10:11:55.721,0.94679,0.94709,2.32,1.52
2014.12.29 10:11:59.869,0.94679,0.94707,2.32,1.27
2014.12.29 10:11:59.920,0.94676,0.94707,2.70,3.45
2014.12.29 10:12:01.598,0.94677,0.94706,2.32,1.17
2014.12.29 10:12:22.101,0.94677,0.94706,2.32,1.27
2014.12.29 10:12:22.609,0.94676,0.94707,4.87,1.52
2014.12.29 10:12:29.147,0.94678,0.94707,2.70,1.15
2014.12.29 10:12:29.198,0.94678,0.94707,4.87,1.15
2014.12.29 10:12:29.450,0.94678,0.94707,2.32,1.15
2014.12.29 10:12:29.501,0.94676,0.94707,2.70,3.07
2014.12.29 10:13:04.293,0.94677,0.94706,2.70,1.15
2014.12.29 10:13:04.393,0.94677,0.94706,4.87,1.15
2014.12.29 10:13:16.341,0.94677,0.94701,4.50,1.00
2014.12.29 10:13:26.369,0.94677,0.94707,2.32,1.15
2014.12.29 10:13:26.520,0.94675,0.94705,2.32,2.70
2014.12.29 10:13:26.772,0.94671,0.94701,4.87,1.00
2014.12.29 10:13:27.303,0.94671,0.94702,4.87,1.00
2014.12.29 10:13:27.454,0.94676,0.94702,2.32,1.00
2014.12.29 10:13:29.128,0.94676,0.94701,2.32,1.00
2014.12.29 10:13:29.452,0.94679,0.94701,2.32,1.00
2014.12.29 10:13:40.652,0.94679,0.94707,2.70,1.00
2014.12.29 10:13:42.850,0.94679,0.94702,2.70,1.00
2014.12.29 10:13:43.959,0.94679,0.94706,2.70,1.00
2014.12.29 10:13:47.289,0.94679,0.94702,2.70,1.00
2014.12.29 10:13:59.224,0.94681,0.94702,2.32,1.00
2014.12.29 10:13:59.375,0.94681,0.94707,4.50,1.00
2014.12.29 10:13:59.577,0.94681,0.94711,4.50,1.12
2014.12.29 10:13:59.899,0.94681,0.94707,4.50,1.00
2014.12.29 10:14:02.143,0.94681,0.94711,4.50,1.12
2014.12.29 10:14:03.875,0.94683,0.94712,1.45,1.00
2014.12.29 10:14:04.438,0.94684,0.94711,1.15,1.00
2014.12.29 10:14:07.600,0.94683,0.94712,3.37,1.00
2014.12.29 10:14:09.398,0.94683,0.94716,1.65,1.52
2014.12.29 10:14:09.449,0.94681,0.94715,4.20,2.70
2014.12.29 10:14:09.500,0.94681,0.94715,2.02,4.87
2014.12.29 10:14:09.651,0.94682,0.94711,2.32,1.07
2014.12.29 10:14:09.803,0.94683,0.94712,1.15,1.10
2014.12.29 10:14:11.773,0.94687,0.94712,1.95,1.00
2014.12.29 10:14:12.076,0.94689,0.94711,2.70,1.00
2014.12.29 10:14:12.126,0.94689,0.94716,2.70,1.00
2014.12.29 10:14:12.177,0.94691,0.94716,4.20,1.00
2014.12.29 10:14:13.877,0.94693,0.94722,1.65,1.20
2014.12.29 10:14:14.385,0.94691,0.94721,4.87,1.00
2014.12.29 10:14:17.389,0.94691,0.94722,4.87,1.27
2014.12.29 10:14:30.285,0.94689,0.94722,2.70,1.27
2014.12.29 10:14:30.626,0.94685,0.94719,2.32,1.65
2014.12.29 10:14:30.929,0.94685,0.94712,2.32,1.00
2014.12.29 10:14:34.775,0.94685,0.94711,2.32,1.00
2014.12.29 10:14:35.319,0.94685,0.94712,2.32,1.00
2014.12.29 10:14:37.665,0.94685,0.94706,2.32,1.00
2014.12.29 10:14:39.846,0.94685,0.94717,2.70,1.27
2014.12.29 10:14:39.947,0.94689,0.94717,2.70,1.07
2014.12.29 10:14:40.251,0.94691,0.94717,2.32,1.00
2014.12.29 10:14:40.570,0.94688,0.94711,2.32,1.00
2014.12.29 10:14:40.621,0.94688,0.94716,2.32,1.00
2014.12.29 10:14:51.378,0.94688,0.94717,2.70,1.00
2014.12.29 10:14:52.967,0.94689,0.9472,1.15,1.52
2014.12.29 10:14:57.318,0.94688,0.94717,2.70,1.00
2014.12.29 10:15:00.568,0.94689,0.94717,2.32,1.00
2014.12.29 10:15:01.072,0.9469,0.94721,2.02,1.15
2014.12.29 10:15:01.599,0.94689,0.9472,2.32,1.55
2014.12.29 10:15:01.700,0.94685,0.9472,5.62,1.52
2014.12.29 10:15:02.249,0.94685,0.94721,4.87,2.02
2014.12.29 10:15:02.299,0.94688,0.94721,2.70,1.15
2014.12.29 10:15:04.469,0.9469,0.94721,4.87,1.00
2014.12.29 10:15:07.340,0.9469,0.94726,4.87,2.02
2014.12.29 10:15:07.847,0.9469,0.94724,4.87,1.52
2014.12.29 10:15:09.664,0.9469,0.94723,2.70,2.70
2014.12.29 10:15:09.715,0.94688,0.94722,2.70,2.70
2014.12.29 10:15:18.814,0.94691,0.94725,2.32,5.70
2014.12.29 10:15:34.435,0.94691,0.94723,2.32,2.70
2014.12.29 10:15:34.486,0.94687,0.94722,2.70,2.70
2014.12.29 10:15:34.687,0.94684,0.9472,2.32,3.45
2014.12.29 10:15:46.268,0.94686,0.94719,2.70,1.15
2014.12.29 10:15:46.319,0.94687,0.94721,2.70,1.52
2014.12.29 10:15:46.369,0.94689,0.94722,2.32,3.45
2014.12.29 10:15:46.420,0.9469,0.94722,2.32,1.52
2014.12.29 10:15:46.470,0.9469,0.94721,2.32,2.70
2014.12.29 10:15:46.521,0.94685,0.9472,4.87,1.52
2014.12.29 10:15:50.498,0.94688,0.94721,2.70,2.32
2014.12.29 10:15:50.549,0.94689,0.94723,2.32,2.70
2014.12.29 10:15:54.547,0.9469,0.94726,2.70,2.02
2014.12.29 10:15:59.581,0.9469,0.94725,2.70,2.70
2014.12.29 10:15:59.921,0.94689,0.94723,2.70,2.70
2014.12.29 10:16:20.208,0.94689,0.94724,2.70,2.32
2014.12.29 10:16:40.845,0.94685,0.94719,2.70,2.70
2014.12.29 10:16:41.349,0.94682,0.94718,1.52,4.87
2014.12.29 10:16:41.449,0.9468,0.94714,1.52,2.70
2014.12.29 10:16:41.752,0.94676,0.9471,2.32,2.32
2014.12.29 10:16:41.953,0.94671,0.94708,4.50,5.25
2014.12.29 10:16:50.993,0.94671,0.94708,4.50,6.00
2014.12.29 10:16:51.094,0.94668,0.94704,5.62,4.87
2014.12.29 10:16:51.499,0.94671,0.94705,2.70,1.52
2014.12.29 10:16:52.665,0.94668,0.94703,2.70,2.70
2014.12.29 10:16:57.106,0.94671,0.94704,2.70,1.52
2014.12.29 10:17:00.888,0.94674,0.94706,2.32,1.27
2014.12.29 10:17:01.416,0.94674,0.94706,2.70,1.15
2014.12.29 10:17:21.171,0.94674,0.94708,2.70,2.70
2014.12.29 10:17:27.846,0.94671,0.94706,2.02,5.62
2014.12.29 10:17:36.366,0.94669,0.94699,1.10,2.32
2014.12.29 10:17:40.456,0.94664,0.94696,3.45,1.15
2014.12.29 10:17:40.506,0.94664,0.94696,1.27,1.15
2014.12.29 10:17:48.788,0.94665,0.94697,2.70,2.32
2014.12.29 10:17:48.839,0.94665,0.94701,4.87,2.02
2014.12.29 10:17:54.916,0.94665,0.94698,2.70,2.32
2014.12.29 10:17:54.967,0.94663,0.94698,3.07,2.32
2014.12.29 10:17:58.030,0.94661,0.94694,2.70,2.62
2014.12.29 10:17:58.080,0.94659,0.94694,4.95,2.70
2014.12.29 10:17:59.430,0.94662,0.94693,2.70,1.27
2014.12.29 10:17:59.481,0.94662,0.94693,2.70,1.27
2014.12.29 10:18:01.990,0.94662,0.94692,2.32,1.27
2014.12.29 10:18:02.042,0.9466,0.94692,1.12,1.27
2014.12.29 10:18:22.188,0.94658,0.94692,2.77,1.52
2014.12.29 10:18:24.615,0.94664,0.94693,1.00,2.70
2014.12.29 10:18:24.716,0.94664,0.94696,1.20,5.62
2014.12.29 10:18:36.312,0.94664,0.94693,1.10,2.70
2014.12.29 10:18:36.363,0.94659,0.94692,2.02,1.52
2014.12.29 10:18:46.438,0.94658,0.94692,1.90,1.15
2014.12.29 10:18:46.690,0.94665,0.947,1.12,4.20
2014.12.29 10:18:46.740,0.94668,0.947,2.02,2.70
2014.12.29 10:18:46.791,0.94668,0.94701,2.02,1.52
2014.12.29 10:18:46.892,0.9467,0.94701,2.70,1.20
2014.12.29 10:18:54.505,0.9467,0.94696,2.32,1.00
2014.12.29 10:18:55.387,0.9467,0.94701,2.32,1.45
2014.12.29 10:19:07.111,0.94672,0.94701,2.32,1.20
2014.12.29 10:19:12.149,0.94674,0.94707,2.32,3.82
2014.12.29 10:19:12.452,0.94679,0.94702,2.70,1.00
2014.12.29 10:19:12.623,0.94679,0.94707,2.70,1.00
2014.12.29 10:19:14.062,0.94684,0.94707,2.32,1.00
2014.12.29 10:19:14.113,0.94684,0.94716,2.70,1.52
2014.12.29 10:19:14.415,0.94684,0.94718,3.07,2.32
2014.12.29 10:19:14.466,0.94686,0.94721,3.07,2.02
2014.12.29 10:19:14.567,0.94691,0.94721,2.70,1.10
2014.12.29 10:19:14.869,0.94693,0.94721,2.70,1.00
2014.12.29 10:19:14.970,0.9469,0.94721,6.00,1.00
2014.12.29 10:19:15.840,0.9469,0.94727,4.50,5.25
2014.12.29 10:19:16.460,0.94693,0.94726,2.32,1.52
2014.12.29 10:19:16.511,0.94693,0.94726,2.32,1.52
2014.12.29 10:19:16.662,0.94692,0.94726,2.32,3.45
2014.12.29 10:19:16.713,0.94689,0.94726,4.87,5.62
2014.12.29 10:19:16.964,0.94689,0.94723,2.32,2.70
2014.12.29 10:19:17.015,0.94686,0.94723,2.70,2.70
2014.12.29 10:19:17.348,0.94689,0.94724,2.32,3.82
2014.12.29 10:19:17.965,0.94689,0.94722,2.32,1.52
2014.12.29 10:19:18.469,0.94686,0.9472,2.70,2.70
2014.12.29 10:19:19.986,0.94683,0.94718,4.20,2.70
2014.12.29 10:19:40.144,0.94685,0.94717,2.32,1.52
2014.12.29 10:19:53.659,0.94685,0.94717,2.32,1.52
2014.12.29 10:19:53.971,0.94685,0.94717,2.32,1.90
2014.12.29 10:19:54.493,0.94685,0.94712,2.32,1.00
2014.12.29 10:19:55.782,0.94688,0.94712,2.32,1.00
2014.12.29 10:19:55.883,0.94688,0.94716,2.70,1.00
2014.12.29 10:19:55.984,0.94691,0.94716,2.32,1.00
2014.12.29 10:19:56.085,0.94691,0.94721,2.32,1.17
2014.12.29 10:19:58.857,0.94691,0.94717,2.32,1.00
2014.12.29 10:20:00.167,0.94691,0.94721,2.32,1.27
2014.12.29 10:20:12.988,0.94687,0.94721,2.32,1.65
2014.12.29 10:20:13.290,0.94684,0.94718,2.70,2.70
2014.12.29 10:20:19.404,0.94688,0.94722,2.70,1.27
2014.12.29 10:20:20.059,0.94689,0.94723,2.32,2.32
2014.12.29 10:20:20.110,0.94691,0.94725,2.32,1.15
2014.12.29 10:20:22.610,0.94693,0.94726,2.32,1.52
2014.12.29 10:20:24.807,0.94697,0.94726,2.32,1.00
2014.12.29 10:20:25.109,0.94699,0.94726,2.32,1.00
2014.12.29 10:20:25.571,0.94699,0.94731,2.32,1.87
2014.12.29 10:20:27.346,0.94699,0.94727,2.32,1.00
2014.12.29 10:20:28.286,0.94701,0.94727,4.20,1.00
2014.12.29 10:20:28.338,0.94702,0.94731,2.70,1.00
2014.12.29 10:20:28.717,0.94699,0.94731,2.70,1.27
2014.12.29 10:20:28.980,0.94699,0.94726,2.32,1.00
2014.12.29 10:20:30.702,0.94699,0.94726,2.32,1.37
2014.12.29 10:20:34.344,0.94699,0.94726,2.32,1.00
2014.12.29 10:20:34.596,0.94699,0.94731,2.32,1.55
2014.12.29 10:20:34.847,0.94699,0.94727,2.32,1.12
2014.12.29 10:20:35.413,0.94699,0.94727,2.32,1.37
2014.12.29 10:20:42.156,0.94699,0.94727,2.32,1.12
2014.12.29 10:20:42.308,0.94696,0.94727,2.32,1.52
2014.12.29 10:20:42.509,0.94694,0.94727,1.65,1.90
2014.12.29 10:20:43.013,0.94692,0.94727,6.00,1.52
2014.12.29 10:20:45.416,0.94697,0.94726,4.50,1.12
2014.12.29 10:20:46.793,0.94697,0.94731,4.50,1.12
2014.12.29 10:20:47.096,0.94697,0.94731,4.50,2.25
2014.12.29 10:20:47.444,0.94694,0.94731,2.32,3.67
2014.12.29 10:20:47.495,0.94694,0.94731,2.32,3.30
2014.12.29 10:20:47.696,0.94697,0.94731,2.32,1.12
2014.12.29 10:20:48.338,0.94697,0.94726,2.32,1.00
2014.12.29 10:20:51.666,0.94697,0.94732,2.32,1.52
2014.12.29 10:20:55.292,0.94698,0.94726,1.65,1.00
2014.12.29 10:20:56.583,0.94697,0.94727,4.20,1.00
2014.12.29 10:20:56.885,0.94702,0.94731,2.32,1.10
2014.12.29 10:21:00.743,0.94701,0.94731,1.65,1.17
2014.12.29 10:21:09.488,0.94702,0.94731,4.87,1.00
2014.12.29 10:21:09.903,0.94706,0.9474,2.32,2.70
2014.12.29 10:21:17.340,0.94706,0.9474,2.32,3.07
2014.12.29 10:21:18.420,0.94705,0.94737,2.32,2.70
2014.12.29 10:21:18.471,0.94702,0.94737,2.32,2.70
2014.12.29 10:21:20.403,0.94708,0.94742,4.50,2.02
2014.12.29 10:21:20.504,0.94705,0.94742,3.67,3.45
2014.12.29 10:21:20.806,0.94711,0.94742,2.70,1.27
2014.12.29 10:21:21.116,0.94709,0.94742,4.20,1.27
2014.12.29 10:21:29.245,0.94713,0.94746,1.15,2.70
2014.12.29 10:21:33.433,0.94709,0.94744,1.65,4.87
2014.12.29 10:21:33.936,0.94708,0.94744,4.50,5.25
2014.12.29 10:21:35.763,0.94707,0.94742,1.65,5.62
2014.12.29 10:21:35.864,0.94709,0.94742,2.32,1.52
2014.12.29 10:21:37.634,0.9471,0.94742,2.32,1.55
2014.12.29 10:21:37.685,0.9471,0.94742,4.50,1.57
2014.12.29 10:21:42.364,0.9471,0.94741,4.50,1.37
2014.12.29 10:21:50.282,0.9471,0.94741,4.87,1.00
2014.12.29 10:22:01.413,0.94713,0.94747,1.87,5.62
2014.12.29 10:22:01.514,0.94715,0.94747,2.70,3.07
2014.12.29 10:22:01.564,0.94715,0.94747,4.20,1.15
2014.12.29 10:22:02.068,0.94715,0.9475,2.32,3.07
2014.12.29 10:22:02.643,0.94715,0.9475,2.32,3.07
2014.12.29 10:22:09.142,0.94715,0.9475,2.32,3.07
2014.12.29 10:22:09.243,0.94715,0.9475,2.32,3.82
2014.12.29 10:22:11.565,0.94715,0.94747,2.32,1.52
2014.12.29 10:22:15.493,0.94715,0.94741,2.32,1.00
2014.12.29 10:22:18.321,0.94715,0.94747,2.32,1.65
2014.12.29 10:22:18.781,0.94715,0.94747,2.32,1.52
2014.12.29 10:22:18.861,0.94715,0.94742,2.32,1.00
2014.12.29 10:22:19.220,0.94712,0.94742,2.32,1.20
2014.12.29 10:22:19.321,0.94712,0.94742,2.32,1.47
2014.12.29 10:22:19.422,0.94712,0.94742,2.32,1.20
2014.12.29 10:22:28.360,0.94712,0.94742,2.32,1.47
2014.12.29 10:22:30.570,0.94712,0.94742,2.32,1.20
2014.12.29 10:22:36.512,0.94712,0.94742,2.32,1.55
2014.12.29 10:22:36.563,0.9471,0.94742,1.15,1.52
2014.12.29 10:22:36.613,0.9471,0.9474,1.15,1.12
2014.12.29 10:22:36.765,0.94709,0.9474,1.15,1.82
2014.12.29 10:22:37.067,0.94709,0.94738,1.00,3.30
2014.12.29 10:22:37.474,0.94706,0.94741,2.32,3.07
2014.12.29 10:22:40.546,0.94704,0.94736,1.65,2.70
2014.12.29 10:22:41.119,0.94703,0.94736,2.70,2.70
2014.12.29 10:22:41.169,0.94704,0.94738,2.32,2.70
2014.12.29 10:22:41.270,0.947,0.94736,2.70,2.70
2014.12.29 10:22:41.623,0.94703,0.94736,2.70,2.70
2014.12.29 10:22:41.674,0.94705,0.94739,2.32,3.45
2014.12.29 10:22:41.724,0.94705,0.94737,2.32,2.70
2014.12.29 10:22:41.775,0.94702,0.94736,2.70,2.70
2014.12.29 10:22:42.494,0.94704,0.94736,1.15,4.57
2014.12.29 10:22:42.545,0.94704,0.94733,1.00,2.70
2014.12.29 10:22:43.034,0.94698,0.94731,2.32,3.45
2014.12.29 10:22:43.084,0.94697,0.94731,1.45,5.62
2014.12.29 10:22:44.191,0.94695,0.94731,1.15,5.25
2014.12.29 10:22:44.393,0.94693,0.94727,1.27,2.70
2014.12.29 10:22:47.687,0.94699,0.94727,1.00,2.70
2014.12.29 10:22:47.788,0.94699,0.9473,1.07,3.82
2014.12.29 10:22:50.511,0.94698,0.9473,1.17,3.07
2014.12.29 10:22:52.167,0.94695,0.9473,3.07,3.07
2014.12.29 10:22:52.318,0.94695,0.94728,1.15,5.25
2014.12.29 10:22:52.852,0.94694,0.94726,1.15,1.52
2014.12.29 10:22:53.400,0.94694,0.94731,5.25,5.25
2014.12.29 10:22:53.453,0.94694,0.94731,5.25,5.25
2014.12.29 10:22:53.655,0.94695,0.94731,1.27,4.87
2014.12.29 10:22:53.857,0.94695,0.94731,1.15,5.25
2014.12.29 10:22:54.361,0.94694,0.94731,4.50,6.75
2014.12.29 10:22:56.261,0.94694,0.94731,5.62,5.25
2014.12.29 10:22:59.413,0.94694,0.94723,3.07,1.07
2014.12.29 10:22:59.463,0.94694,0.94723,1.15,1.15
2014.12.29 10:22:59.715,0.9469,0.94723,2.32,3.07
2014.12.29 10:22:59.766,0.94688,0.94723,4.57,3.07
2014.12.29 10:22:59.816,0.94688,0.94719,1.15,2.32
2014.12.29 10:22:59.867,0.94689,0.94719,1.10,2.32
2014.12.29 10:23:02.134,0.9469,0.94721,2.25,3.07
2014.12.29 10:23:02.185,0.9469,0.94721,2.32,1.15
2014.12.29 10:23:02.437,0.94689,0.94722,3.82,3.07
2014.12.29 10:23:02.487,0.94688,0.94722,2.40,3.07
2014.12.29 10:23:04.626,0.94691,0.94722,2.32,1.07
2014.12.29 10:23:04.677,0.94691,0.94722,2.32,1.00
2014.12.29 10:23:04.828,0.94691,0.94722,2.32,1.37
2014.12.29 10:23:05.080,0.94689,0.94721,1.20,5.25
2014.12.29 10:23:05.332,0.94688,0.94719,2.32,1.27
2014.12.29 10:23:05.534,0.94692,0.94726,2.32,3.45
2014.12.29 10:23:05.635,0.94694,0.94728,2.32,3.07
2014.12.29 10:23:05.837,0.94694,0.94731,4.50,6.75
2014.12.29 10:23:06.038,0.94694,0.94727,2.32,2.70
2014.12.29 10:23:06.425,0.94693,0.94727,2.32,3.07
2014.12.29 10:23:06.939,0.94693,0.94727,2.32,3.07
2014.12.29 10:23:15.589,0.94698,0.9473,2.32,1.10
2014.12.29 10:23:16.019,0.94698,0.94735,2.32,3.07
2014.12.29 10:23:16.531,0.94698,0.94733,2.32,1.90
2014.12.29 10:23:23.351,0.94698,0.94734,2.32,3.15
2014.12.29 10:23:23.401,0.94695,0.94729,2.32,3.07
2014.12.29 10:23:23.452,0.94695,0.94729,2.32,3.07
2014.12.29 10:23:23.603,0.94691,0.94727,2.32,3.07
2014.12.29 10:23:24.620,0.94691,0.94727,2.32,3.07
2014.12.29 10:23:25.172,0.94691,0.94727,2.32,3.07
2014.12.29 10:23:25.960,0.94691,0.94727,2.32,3.07
2014.12.29 10:23:26.233,0.94691,0.94727,2.70,3.07
2014.12.29 10:23:26.394,0.94696,0.94728,2.25,3.07
2014.12.29 10:23:26.445,0.94696,0.9473,2.32,1.52
2014.12.29 10:23:26.495,0.94694,0.94727,2.70,2.62
2014.12.29 10:23:26.748,0.9469,0.94725,2.70,2.70
2014.12.29 10:23:27.100,0.94689,0.94722,2.32,2.70
2014.12.29 10:23:27.254,0.94688,0.94722,1.15,2.70
2014.12.29 10:23:27.708,0.9469,0.94724,2.70,2.70
2014.12.29 10:23:27.759,0.9469,0.94724,4.87,1.27
2014.12.29 10:23:28.416,0.94694,0.94726,2.32,2.70
2014.12.29 10:23:28.466,0.94694,0.94728,2.32,3.07
2014.12.29 10:23:28.620,0.94693,0.94722,2.25,2.25
2014.12.29 10:23:28.671,0.94689,0.94722,1.15,5.25
2014.12.29 10:23:28.923,0.94688,0.94722,2.70,2.70
2014.12.29 10:23:28.974,0.94688,0.94725,4.87,4.87
2014.12.29 10:23:29.024,0.94688,0.94721,2.70,2.32
2014.12.29 10:23:29.075,0.94686,0.94721,2.70,2.70
2014.12.29 10:23:29.531,0.94689,0.94722,2.70,2.70
2014.12.29 10:23:30.019,0.94691,0.94724,2.70,2.32
2014.12.29 10:23:30.070,0.94691,0.94726,2.70,2.70
2014.12.29 10:23:32.012,0.94694,0.94727,2.32,2.70
2014.12.29 10:23:32.515,0.94694,0.94728,2.32,2.70
2014.12.29 10:23:33.539,0.94694,0.94725,1.17,2.70
2014.12.29 10:23:33.590,0.94694,0.94725,1.10,2.70
2014.12.29 10:23:33.892,0.94693,0.94722,1.10,2.70
2014.12.29 10:23:34.094,0.94689,0.94722,1.15,4.87
2014.12.29 10:23:36.141,0.94689,0.94709,1.07,1.35
2014.12.29 10:23:36.191,0.9468,0.94709,5.25,1.35
2014.12.29 10:23:36.292,0.94679,0.94705,1.17,1.05
2014.12.29 10:23:36.343,0.94679,0.94705,1.17,2.55
2014.12.29 10:23:36.494,0.94672,0.94702,2.70,1.05
2014.12.29 10:23:38.349,0.94672,0.94705,2.70,1.12
2014.12.29 10:23:38.550,0.94674,0.94705,2.70,1.05
2014.12.29 10:23:41.530,0.94679,0.94705,1.10,1.05
2014.12.29 10:23:45.171,0.94678,0.9471,1.15,3.07
2014.12.29 10:23:45.372,0.94678,0.94712,1.15,1.90
2014.12.29 10:23:45.473,0.94678,0.94712,2.70,2.02
2014.12.29 10:23:45.830,0.94684,0.94719,2.32,3.82
2014.12.29 10:23:46.082,0.94684,0.94719,2.32,3.07
2014.12.29 10:23:46.630,0.94684,0.94719,2.32,3.82
2014.12.29 10:23:48.590,0.94684,0.94717,2.32,1.82
2014.12.29 10:23:48.741,0.94681,0.94716,2.32,3.07
2014.12.29 10:23:50.112,0.94683,0.94716,2.32,2.70
2014.12.29 10:23:50.417,0.94684,0.94716,2.32,3.07
2014.12.29 10:23:50.468,0.9468,0.94716,4.50,5.25
2014.12.29 10:23:50.568,0.94679,0.94713,1.15,3.07
2014.12.29 10:23:51.187,0.94679,0.94713,1.15,3.07
2014.12.29 10:23:51.691,0.94678,0.94713,3.07,3.07
2014.12.29 10:23:52.178,0.94681,0.94715,2.32,3.07
2014.12.29 10:23:52.278,0.94679,0.94712,1.15,3.07
2014.12.29 10:23:52.430,0.9468,0.94711,2.32,1.75
2014.12.29 10:23:52.581,0.94678,0.94711,3.07,1.50
2014.12.29 10:23:52.934,0.94679,0.94712,1.15,3.82
2014.12.29 10:23:55.709,0.94679,0.94712,3.07,2.62
2014.12.29 10:23:55.760,0.9468,0.94716,2.32,1.90
2014.12.29 10:23:56.206,0.94682,0.94717,2.32,3.07
2014.12.29 10:23:56.751,0.94683,0.94717,2.32,3.07
2014.12.29 10:24:02.955,0.94683,0.94717,2.32,2.70
2014.12.29 10:24:03.107,0.94685,0.94717,2.32,3.07
2014.12.29 10:24:03.409,0.94687,0.94718,2.32,2.70
2014.12.29 10:24:05.410,0.94692,0.94718,2.32,2.62
2014.12.29 10:24:05.460,0.94693,0.94723,2.32,1.90
2014.12.29 10:24:06.005,0.94693,0.94724,2.32,3.07
2014.12.29 10:24:07.940,0.94693,0.94721,2.32,2.70
2014.12.29 10:24:07.991,0.94689,0.9472,2.32,2.70
2014.12.29 10:24:08.041,0.94691,0.9472,2.32,2.70
2014.12.29 10:24:08.092,0.94692,0.94722,2.32,3.07
2014.12.29 10:24:08.294,0.94689,0.94722,2.32,3.07
2014.12.29 10:24:08.395,0.94688,0.94719,2.32,2.70
2014.12.29 10:24:17.448,0.94689,0.94719,2.32,2.70
2014.12.29 10:24:17.499,0.9469,0.94721,2.32,2.70
2014.12.29 10:24:20.646,0.94692,0.94721,2.32,2.70
2014.12.29 10:24:20.748,0.94692,0.94725,4.50,5.25
2014.12.29 10:24:20.849,0.94694,0.94725,2.32,3.07
2014.12.29 10:24:21.377,0.94695,0.94726,2.32,3.45
2014.12.29 10:24:23.729,0.94696,0.94726,3.82,1.15
2014.12.29 10:24:23.780,0.94696,0.94726,3.82,1.15
2014.12.29 10:24:23.831,0.94699,0.94726,2.32,1.07
2014.12.29 10:24:23.982,0.94699,0.94732,4.50,4.87
2014.12.29 10:24:24.234,0.94702,0.94732,2.32,2.70
2014.12.29 10:24:25.350,0.94702,0.94733,2.32,2.70
2014.12.29 10:24:27.980,0.94698,0.94731,2.32,2.70
2014.12.29 10:24:28.282,0.94701,0.94734,4.50,4.87
2014.12.29 10:24:32.959,0.947,0.94731,2.32,2.70
2014.12.29 10:24:33.959,0.94702,0.94733,2.32,2.70
2014.12.29 10:24:34.690,0.94704,0.94735,2.32,3.07
2014.12.29 10:24:35.700,0.94702,0.94733,2.32,2.70
2014.12.29 10:24:40.872,0.94705,0.94736,2.32,3.82
2014.12.29 10:24:41.803,0.94705,0.94736,2.32,3.82
2014.12.29 10:24:42.338,0.94705,0.94736,2.32,3.07
2014.12.29 10:24:49.313,0.94705,0.94736,2.32,3.07
2014.12.29 10:24:57.297,0.94705,0.94736,2.32,3.07
2014.12.29 10:24:58.108,0.94705,0.94736,2.32,3.07
2014.12.29 10:25:02.610,0.94705,0.94736,2.32,3.07
2014.12.29 10:25:02.913,0.94707,0.94738,2.32,3.07
2014.12.29 10:25:04.482,0.94707,0.94738,2.32,3.07
2014.12.29 10:25:05.007,0.94707,0.94738,2.32,3.07
2014.12.29 10:25:05.580,0.94707,0.94738,2.32,3.07
2014.12.29 10:25:06.083,0.94707,0.94738,2.32,3.07
2014.12.29 10:25:15.948,0.94707,0.94738,2.32,3.07
2014.12.29 10:25:16.141,0.94709,0.94739,2.32,1.90
2014.12.29 10:25:16.443,0.94711,0.94742,2.32,3.07
2014.12.29 10:25:20.430,0.94711,0.94742,2.32,3.07
2014.12.29 10:25:21.521,0.94711,0.94742,2.32,3.07
2014.12.29 10:25:21.724,0.94707,0.9474,4.50,5.25
2014.12.29 10:25:29.455,0.94707,0.9474,4.50,5.25
2014.12.29 10:25:31.065,0.94707,0.9474,4.50,5.25
2014.12.29 10:25:31.614,0.94707,0.9474,4.50,5.25
2014.12.29 10:25:32.170,0.94707,0.9474,4.50,5.25
2014.12.29 10:25:32.571,0.94707,0.9474,4.50,5.25
2014.12.29 10:25:34.277,0.94707,0.9474,4.50,5.25
2014.12.29 10:25:34.378,0.94707,0.9474,4.50,5.25
2014.12.29 10:25:35.458,0.94707,0.9474,4.50,5.25
2014.12.29 10:25:35.713,0.94707,0.9474,4.50,5.25
2014.12.29 10:25:38.601,0.94715,0.9474,2.25,2.25
2014.12.29 10:25:38.652,0.94716,0.94741,2.32,1.00
2014.12.29 10:25:38.753,0.94718,0.94741,2.32,1.00
2014.12.29 10:25:39.011,0.94716,0.94742,2.32,1.10
2014.12.29 10:25:39.062,0.94714,0.94742,4.50,1.87
2014.12.29 10:25:39.163,0.94712,0.94742,4.50,1.12
2014.12.29 10:25:39.314,0.94712,0.94736,4.50,1.00
2014.12.29 10:25:43.339,0.94716,0.94736,2.32,1.00
2014.12.29 10:25:43.490,0.94719,0.94741,2.32,1.00
2014.12.29 10:25:43.591,0.94719,0.94745,2.32,1.05
2014.12.29 10:25:43.642,0.94718,0.94743,2.32,1.05
2014.12.29 10:25:43.793,0.9471,0.94741,2.32,2.32
2014.12.29 10:25:43.994,0.94707,0.9474,4.50,4.50
2014.12.29 10:25:44.718,0.94707,0.94736,4.50,1.52
2014.12.29 10:25:44.951,0.94707,0.94736,2.32,1.52
2014.12.29 10:25:45.002,0.94705,0.94736,4.50,1.52
2014.12.29 10:25:45.505,0.94705,0.94736,4.50,1.52
2014.12.29 10:25:46.012,0.94705,0.94731,4.50,1.00
2014.12.29 10:25:52.063,0.94708,0.94731,2.32,1.00
2014.12.29 10:25:58.549,0.94709,0.94736,1.15,1.55
2014.12.29 10:26:00.954,0.94708,0.94731,2.32,1.00
2014.12.29 10:26:22.309,0.94708,0.94736,2.32,1.55
2014.12.29 10:26:22.410,0.94706,0.94736,2.32,1.55
2014.12.29 10:26:22.663,0.94705,0.94731,2.32,1.00
2014.12.29 10:26:22.859,0.94705,0.94736,2.32,1.52
2014.12.29 10:26:29.392,0.94705,0.94732,2.32,1.00
2014.12.29 10:26:29.903,0.94705,0.94731,2.32,1.00
2014.12.29 10:26:34.079,0.94708,0.94737,1.15,1.87
2014.12.29 10:26:36.828,0.94705,0.94732,2.70,1.00
2014.12.29 10:26:39.098,0.94709,0.94736,1.17,1.27
2014.12.29 10:26:40.329,0.94709,0.94736,1.15,1.07
2014.12.29 10:26:40.379,0.94709,0.94736,1.15,1.00
2014.12.29 10:26:40.631,0.94711,0.94741,2.70,1.20
2014.12.29 10:26:40.732,0.94714,0.94741,2.32,1.00
2014.12.29 10:26:41.118,0.94714,0.94744,2.32,1.05
2014.12.29 10:26:43.172,0.94714,0.94743,2.32,1.05
2014.12.29 10:26:43.273,0.94711,0.94743,2.32,1.12
2014.12.29 10:26:43.633,0.94711,0.94742,2.32,1.52
2014.12.29 10:26:43.684,0.94708,0.94742,2.32,1.52
2014.12.29 10:26:43.785,0.94708,0.94742,2.32,1.90
2014.12.29 10:26:43.886,0.94704,0.94739,4.50,1.12
2014.12.29 10:26:44.092,0.94704,0.94731,5.25,1.00
2014.12.29 10:26:45.017,0.94707,0.94731,2.32,1.00
2014.12.29 10:26:45.118,0.94708,0.94738,2.32,1.12
2014.12.29 10:26:46.152,0.94713,0.94741,2.32,1.00
2014.12.29 10:26:46.404,0.94715,0.94746,4.50,1.87
2014.12.29 10:26:46.504,0.94715,0.94746,4.50,2.17
2014.12.29 10:26:46.555,0.94711,0.94744,2.32,1.12
2014.12.29 10:26:47.230,0.94711,0.94742,2.32,1.52
2014.12.29 10:26:47.281,0.94709,0.94742,2.32,1.52
2014.12.29 10:26:50.428,0.94709,0.94739,2.32,1.12
2014.12.29 10:26:50.529,0.94709,0.94737,1.57,1.50
2014.12.29 10:26:50.580,0.94709,0.94729,1.50,2.62
2014.12.29 10:26:50.631,0.947,0.94729,1.17,2.62
2014.12.29 10:26:50.681,0.947,0.94729,2.32,2.47
2014.12.29 10:26:50.782,0.94695,0.94729,2.70,2.25
2014.12.29 10:26:50.883,0.94693,0.94725,1.27,2.92
2014.12.29 10:26:51.387,0.9469,0.94716,2.32,1.00
2014.12.29 10:26:53.558,0.94689,0.94716,1.15,1.10
2014.12.29 10:26:54.076,0.94689,0.94716,1.15,1.70
2014.12.29 10:26:59.132,0.94689,0.94716,1.15,1.10
2014.12.29 10:26:59.855,0.94693,0.94721,1.00,2.70
2014.12.29 10:26:59.906,0.94693,0.94722,1.17,1.52
2014.12.29 10:27:00.209,0.94692,0.94724,2.32,1.50
2014.12.29 10:27:02.909,0.94694,0.94726,3.45,1.05
2014.12.29 10:27:03.227,0.94696,0.94725,2.32,1.05
2014.12.29 10:27:03.738,0.94696,0.94724,2.32,1.30
2014.12.29 10:27:06.383,0.94696,0.94725,2.32,1.05
2014.12.29 10:27:07.149,0.94696,0.94725,2.32,1.05
2014.12.29 10:27:07.249,0.94696,0.94724,2.32,1.30
2014.12.29 10:27:07.944,0.94696,0.94725,2.32,1.05
2014.12.29 10:27:08.848,0.94696,0.94724,2.32,1.30
2014.12.29 10:27:09.058,0.94696,0.94722,2.32,1.00
2014.12.29 10:27:09.361,0.94699,0.94722,2.70,1.00
2014.12.29 10:27:09.411,0.94699,0.94732,2.70,1.87
2014.12.29 10:27:09.462,0.94701,0.94732,2.32,1.87
2014.12.29 10:27:09.512,0.94702,0.94732,2.32,1.87
2014.12.29 10:27:09.922,0.94698,0.94732,6.37,1.87
2014.12.29 10:27:20.008,0.94698,0.94729,2.32,2.62
2014.12.29 10:27:20.059,0.94697,0.94728,1.65,1.12
2014.12.29 10:27:20.411,0.94699,0.94729,1.17,3.07
2014.12.29 10:27:20.941,0.94695,0.94729,2.32,3.07
2014.12.29 10:27:21.092,0.94695,0.94729,2.32,3.07
2014.12.29 10:27:21.545,0.94699,0.94735,1.65,3.82
2014.12.29 10:27:21.897,0.94698,0.94735,2.70,3.07
2014.12.29 10:27:21.948,0.94701,0.94737,2.32,3.07
2014.12.29 10:27:21.999,0.94701,0.94737,2.70,2.70
2014.12.29 10:27:23.260,0.94703,0.9474,2.32,3.07
2014.12.29 10:27:25.238,0.94703,0.9474,3.07,3.07
2014.12.29 10:27:25.798,0.94703,0.9474,3.07,3.07
2014.12.29 10:27:29.047,0.94703,0.9474,2.70,2.70
2014.12.29 10:27:29.349,0.94707,0.94741,2.32,2.70
2014.12.29 10:27:29.881,0.94707,0.94742,2.32,2.70
2014.12.29 10:27:30.814,0.94707,0.94742,2.32,3.07
2014.12.29 10:27:31.398,0.94707,0.94742,2.32,2.70
2014.12.29 10:27:38.337,0.94706,0.94739,4.20,2.70
2014.12.29 10:27:38.388,0.94706,0.94739,2.02,2.70
2014.12.29 10:27:40.258,0.94707,0.9474,2.32,2.32
2014.12.29 10:27:40.309,0.94707,0.94742,2.32,2.70
2014.12.29 10:27:45.181,0.94713,0.94739,1.00,1.12
2014.12.29 10:27:45.485,0.94705,0.94739,2.70,2.70
2014.12.29 10:27:45.586,0.94702,0.94738,1.52,2.70
2014.12.29 10:27:51.192,0.94705,0.94741,4.87,1.52
2014.12.29 10:27:51.874,0.94705,0.94742,6.37,5.85
2014.12.29 10:27:52.176,0.94703,0.94735,2.70,2.70
2014.12.29 10:27:52.227,0.947,0.94735,4.20,2.70
2014.12.29 10:27:54.202,0.94705,0.9474,2.70,2.70
2014.12.29 10:28:05.816,0.94713,0.9474,1.00,2.70
2014.12.29 10:28:06.018,0.94713,0.94744,1.20,4.87
2014.12.29 10:28:06.622,0.94719,0.94744,1.00,4.87
2014.12.29 10:28:08.515,0.94719,0.94747,1.00,2.70
2014.12.29 10:28:08.566,0.94713,0.94747,1.52,3.45
2014.12.29 10:28:08.969,0.94713,0.94745,1.07,2.70
2014.12.29 10:28:09.292,0.94713,0.94743,1.10,2.32
2014.12.29 10:28:09.887,0.94714,0.94743,1.00,2.32
2014.12.29 10:28:10.208,0.94719,0.94743,1.00,2.32
2014.12.29 10:28:10.514,0.94719,0.94746,1.00,3.45
2014.12.29 10:28:16.909,0.94719,0.94745,1.00,2.70
2014.12.29 10:28:18.736,0.94719,0.94743,1.00,2.70
2014.12.29 10:28:19.047,0.94719,0.94741,1.00,2.32
2014.12.29 10:28:20.036,0.94718,0.94741,1.00,2.32
2014.12.29 10:28:22.324,0.94718,0.94742,1.00,3.30
2014.12.29 10:28:22.375,0.94718,0.94742,1.00,1.45
2014.12.29 10:28:30.567,0.94719,0.94744,1.00,4.87
2014.12.29 10:28:38.041,0.94719,0.94745,1.10,2.70
2014.12.29 10:28:39.386,0.94723,0.94745,1.00,2.70
2014.12.29 10:28:40.356,0.94723,0.94746,1.00,2.32
2014.12.29 10:28:40.620,0.94719,0.94747,1.15,2.32
2014.12.29 10:28:41.945,0.94724,0.94747,1.00,2.70
2014.12.29 10:28:45.176,0.94724,0.94748,1.10,2.70
2014.12.29 10:28:45.226,0.94724,0.9475,1.10,3.30
2014.12.29 10:28:45.378,0.94723,0.94748,1.10,2.70
2014.12.29 10:28:45.681,0.94718,0.94746,1.17,2.70
2014.12.29 10:28:45.781,0.94718,0.94746,1.10,2.70
2014.12.29 10:28:46.848,0.94723,0.94746,1.00,2.70
2014.12.29 10:28:47.292,0.94718,0.94746,1.10,2.32
2014.12.29 10:28:47.393,0.94718,0.94747,1.07,2.70
2014.12.29 10:28:47.946,0.94718,0.94748,1.15,2.70
2014.12.29 10:28:58.284,0.94714,0.94746,4.95,2.32
2014.12.29 10:28:58.586,0.94712,0.94744,2.70,2.70
2014.12.29 10:28:59.115,0.94711,0.94744,4.87,4.87
2014.12.29 10:29:00.905,0.94715,0.94744,2.32,2.70
2014.12.29 10:29:00.956,0.94715,0.94746,2.32,2.70
2014.12.29 10:29:21.114,0.94716,0.94746,2.32,1.15
2014.12.29 10:29:24.856,0.94715,0.94745,2.70,2.32
2014.12.29 10:29:25.375,0.94714,0.94745,4.20,2.32
2014.12.29 10:29:29.928,0.94716,0.94747,2.32,3.45
2014.12.29 10:29:33.224,0.94716,0.94746,2.32,2.70
2014.12.29 10:29:33.274,0.94713,0.94746,6.37,4.87
2014.12.29 10:29:39.633,0.94714,0.94741,1.07,2.32
2014.12.29 10:29:39.684,0.94709,0.94741,3.15,4.87
2014.12.29 10:29:39.785,0.94709,0.94738,1.15,2.70
2014.12.29 10:29:42.139,0.94708,0.94738,3.07,2.32
2014.12.29 10:29:42.189,0.9471,0.94741,2.70,2.32
2014.12.29 10:29:42.240,0.94712,0.94741,2.70,2.32
2014.12.29 10:29:42.291,0.94713,0.94744,3.45,2.70
2014.12.29 10:29:43.754,0.94719,0.94744,1.00,2.32
2014.12.29 10:29:45.515,0.94713,0.94744,3.45,2.32
2014.12.29 10:29:52.731,0.94714,0.94743,1.15,2.70
2014.12.29 10:29:52.782,0.94714,0.94742,1.15,2.70
2014.12.29 10:29:53.285,0.94714,0.9474,1.00,2.70
2014.12.29 10:29:53.588,0.94714,0.94735,1.00,2.32
2014.12.29 10:29:54.131,0.94713,0.94735,1.00,2.32
2014.12.29 10:29:56.056,0.94719,0.94735,1.00,2.70
2014.12.29 10:29:56.371,0.94713,0.94735,1.00,2.70
2014.12.29 10:29:57.245,0.94714,0.94735,1.00,2.70
2014.12.29 10:30:01.344,0.94713,0.94735,1.00,3.30
2014.12.29 10:30:03.110,0.94714,0.94735,1.00,2.32
2014.12.29 10:30:03.211,0.94714,0.94737,1.00,2.70
2014.12.29 10:30:03.724,0.94713,0.94737,1.00,2.70
2014.12.29 10:30:03.875,0.94718,0.94737,1.00,2.70
2014.12.29 10:30:04.228,0.94718,0.9474,1.00,2.70
2014.12.29 10:30:04.861,0.94719,0.9474,1.00,2.70
2014.12.29 10:30:08.939,0.94714,0.9474,1.10,2.70
2014.12.29 10:30:09.615,0.94719,0.9474,1.00,2.32
2014.12.29 10:30:09.716,0.94719,0.94742,1.00,2.70
2014.12.29 10:30:09.926,0.94724,0.94742,1.00,2.70
2014.12.29 10:30:15.428,0.94729,0.94742,1.00,2.32
2014.12.29 10:30:20.030,0.94729,0.94743,1.00,2.70
2014.12.29 10:30:20.131,0.94728,0.94747,1.00,2.70
2014.12.29 10:30:20.384,0.94734,0.94747,1.00,2.70
2014.12.29 10:30:23.367,0.94734,0.94749,1.00,4.87
2014.12.29 10:30:23.569,0.94728,0.94747,1.00,1.12
2014.12.29 10:30:24.665,0.94729,0.94751,1.00,2.32
2014.12.29 10:30:24.766,0.94729,0.94754,1.10,2.70
2014.12.29 10:30:24.973,0.94728,0.94756,1.17,2.70
2014.12.29 10:30:25.495,0.94728,0.94757,1.15,2.70
2014.12.29 10:30:29.692,0.94728,0.94756,1.17,2.70
2014.12.29 10:30:29.743,0.94728,0.94756,1.10,2.70
2014.12.29 10:30:29.794,0.94728,0.94754,1.00,2.32
2014.12.29 10:30:30.096,0.9472,0.94746,2.32,2.62
2014.12.29 10:30:30.147,0.94719,0.94746,1.07,2.70
2014.12.29 10:30:30.198,0.94719,0.94743,1.00,2.32
2014.12.29 10:30:30.450,0.94714,0.94742,1.15,2.92
2014.12.29 10:30:30.501,0.94714,0.9474,1.07,2.32
2014.12.29 10:30:31.006,0.94714,0.9474,1.00,2.32
2014.12.29 10:30:31.555,0.9471,0.94741,2.70,2.70
2014.12.29 10:30:32.701,0.94713,0.94742,1.52,2.32
2014.12.29 10:30:32.751,0.94713,0.94744,1.52,4.50
2014.12.29 10:30:32.802,0.94714,0.94744,2.70,2.32
2014.12.29 10:30:32.853,0.94714,0.94747,2.70,2.32
2014.12.29 10:30:32.903,0.94717,0.94748,2.32,4.87
2014.12.29 10:30:33.206,0.94712,0.94743,2.70,2.32
2014.12.29 10:30:35.475,0.94712,0.9474,2.32,2.02
2014.12.29 10:30:35.576,0.94709,0.94735,1.15,1.20
2014.12.29 10:30:35.627,0.94707,0.94726,3.00,2.17
2014.12.29 10:30:35.677,0.94698,0.9472,2.32,1.50
2014.12.29 10:30:35.728,0.94697,0.94717,3.00,2.85
2014.12.29 10:30:35.779,0.94689,0.94717,1.15,4.42
2014.12.29 10:30:35.830,0.94685,0.94714,2.32,2.92
2014.12.29 10:30:35.880,0.94684,0.94714,1.15,2.92
2014.12.29 10:30:36.132,0.94684,0.9471,1.07,2.32
2014.12.29 10:30:36.183,0.94684,0.9471,1.00,4.50
2014.12.29 10:30:36.384,0.94684,0.94712,1.00,2.32
2014.12.29 10:30:36.435,0.94684,0.94713,1.00,1.15
2014.12.29 10:30:36.946,0.94684,0.94715,1.00,2.32
2014.12.29 10:30:38.976,0.94684,0.94715,1.07,2.32
2014.12.29 10:30:39.077,0.94684,0.94719,1.15,2.70
2014.12.29 10:30:39.685,0.94689,0.94719,1.00,2.70
2014.12.29 10:30:40.196,0.94684,0.94719,1.52,2.70
2014.12.29 10:30:40.246,0.94684,0.94721,3.45,1.12
2014.12.29 10:30:43.953,0.94689,0.94721,1.17,1.12
2014.12.29 10:30:44.054,0.94689,0.94721,1.27,1.12
2014.12.29 10:30:44.155,0.94689,0.94725,3.45,2.70
2014.12.29 10:30:44.256,0.9469,0.94728,2.70,3.82
2014.12.29 10:30:44.827,0.9469,0.94728,4.20,2.70
2014.12.29 10:30:52.225,0.9469,0.94728,2.70,5.25
2014.12.29 10:30:52.275,0.94689,0.94726,2.02,3.07
2014.12.29 10:30:52.803,0.94695,0.94726,1.75,2.32
2014.12.29 10:30:52.854,0.94698,0.94728,3.07,2.32
2014.12.29 10:30:52.955,0.94702,0.94732,1.07,1.07
2014.12.29 10:30:53.056,0.94707,0.94742,1.57,2.32
2014.12.29 10:30:53.107,0.94707,0.94744,1.65,2.92
2014.12.29 10:30:53.258,0.94709,0.94745,2.32,2.92
2014.12.29 10:30:53.308,0.94709,0.94747,2.32,4.05
2014.12.29 10:30:53.934,0.94714,0.94747,1.95,2.70
2014.12.29 10:30:53.985,0.94714,0.94751,2.02,3.45
2014.12.29 10:30:54.086,0.94717,0.94751,2.32,1.37
2014.12.29 10:30:54.136,0.94717,0.94752,2.70,1.05
2014.12.29 10:30:54.237,0.94719,0.94752,2.02,1.05
2014.12.29 10:30:54.338,0.94719,0.94752,2.02,1.05
2014.12.29 10:30:55.099,0.9472,0.94745,1.65,2.10
2014.12.29 10:30:55.351,0.94704,0.94734,1.00,4.42
2014.12.29 10:30:55.402,0.94697,0.94734,1.65,4.42
2014.12.29 10:30:55.503,0.94694,0.94731,1.15,5.10
2014.12.29 10:30:55.603,0.94694,0.94728,1.00,4.50
2014.12.29 10:30:55.937,0.94698,0.94728,1.00,4.50
2014.12.29 10:31:05.396,0.94699,0.94728,1.00,4.87
2014.12.29 10:31:11.820,0.94699,0.94729,1.00,1.82
2014.12.29 10:31:12.021,0.94699,0.94729,1.00,1.12
2014.12.29 10:31:12.592,0.94699,0.94729,1.00,1.12
2014.12.29 10:31:13.134,0.94698,0.9473,1.20,1.05
2014.12.29 10:31:13.184,0.94698,0.94731,1.55,1.05
2014.12.29 10:31:14.102,0.94704,0.94732,1.00,1.05
2014.12.29 10:31:14.152,0.94704,0.94736,1.00,2.70
2014.12.29 10:31:14.647,0.94698,0.94736,2.77,3.82
2014.12.29 10:31:14.899,0.94698,0.94736,1.55,3.07
2014.12.29 10:31:15.581,0.94698,0.94729,1.00,1.05
2014.12.29 10:31:15.682,0.94694,0.94728,1.00,1.12
2014.12.29 10:31:15.883,0.94689,0.94728,1.52,1.82
2014.12.29 10:31:16.424,0.94689,0.94728,2.77,1.12
2014.12.29 10:31:16.475,0.94689,0.94728,4.95,1.05
2014.12.29 10:31:16.676,0.94691,0.94728,2.02,1.05
2014.12.29 10:31:21.283,0.94694,0.94728,1.10,1.05
2014.12.29 10:31:24.722,0.94694,0.9473,1.07,1.05
2014.12.29 10:31:25.234,0.94694,0.94736,2.77,3.00
2014.12.29 10:31:25.903,0.94694,0.94732,1.15,3.07
2014.12.29 10:31:25.955,0.94694,0.94732,1.17,3.07
2014.12.29 10:31:26.307,0.94694,0.94726,1.10,1.05
2014.12.29 10:31:26.845,0.94689,0.94726,1.55,1.87
2014.12.29 10:31:27.284,0.94693,0.94726,1.00,1.12
2014.12.29 10:31:30.695,0.94693,0.94726,1.00,1.12
2014.12.29 10:31:31.198,0.94693,0.94726,1.00,1.82
2014.12.29 10:31:33.483,0.94689,0.94726,1.55,2.25
2014.12.29 10:31:36.618,0.94689,0.94726,1.55,1.87
2014.12.29 10:31:39.164,0.94694,0.94726,1.00,1.12
2014.12.29 10:31:39.764,0.94688,0.94726,1.52,1.12
2014.12.29 10:31:40.324,0.94688,0.94726,1.52,1.82
2014.12.29 10:31:40.975,0.94689,0.94726,1.17,3.00
2014.12.29 10:31:41.277,0.94684,0.94715,1.20,4.87
2014.12.29 10:31:42.065,0.94683,0.94715,2.70,2.32
2014.12.29 10:31:42.119,0.94683,0.94716,2.70,1.15
2014.12.29 10:31:42.170,0.94685,0.94718,2.70,2.32
2014.12.29 10:31:42.221,0.94685,0.9472,2.70,1.45
2014.12.29 10:31:42.271,0.94689,0.9472,2.32,1.45
2014.12.29 10:31:42.775,0.94694,0.94723,1.10,2.70
2014.12.29 10:31:47.966,0.94693,0.94724,2.70,2.70
2014.12.29 10:31:48.017,0.94693,0.94726,2.32,1.15
2014.12.29 10:31:48.067,0.94697,0.94726,2.32,1.07
2014.12.29 10:31:48.118,0.94697,0.94732,2.32,3.07
2014.12.29 10:31:48.475,0.947,0.94734,2.70,2.70
2014.12.29 10:31:48.526,0.947,0.94736,4.87,1.52
2014.12.29 10:31:48.677,0.947,0.94733,2.32,2.32
2014.12.29 10:31:48.728,0.94698,0.94733,2.32,2.32
2014.12.29 10:31:48.779,0.94696,0.94729,2.32,2.25
2014.12.29 10:31:48.829,0.94694,0.94729,1.15,4.50
2014.12.29 10:31:49.081,0.94696,0.94729,2.32,2.32
2014.12.29 10:31:49.132,0.94696,0.94731,2.32,4.57
2014.12.29 10:31:49.182,0.94694,0.94727,2.32,2.25
2014.12.29 10:31:49.234,0.94692,0.94727,2.32,2.32
2014.12.29 10:31:51.092,0.94695,0.94729,2.70,2.70
2014.12.29 10:31:52.326,0.94691,0.94727,4.87,4.87
2014.12.29 10:31:53.230,0.94688,0.9473,3.45,3.07
2014.12.29 10:31:54.238,0.94688,0.94729,2.70,1.90
2014.12.29 10:31:54.765,0.94688,0.94728,2.70,1.90
2014.12.29 10:32:04.561,0.94688,0.94726,2.70,1.45
2014.12.29 10:32:04.611,0.94683,0.94726,3.07,2.70
2014.12.29 10:32:04.763,0.94686,0.9473,5.25,5.25
2014.12.29 10:32:05.493,0.94689,0.9473,1.52,4.87
2014.12.29 10:32:05.695,0.94686,0.94728,4.50,1.90
2014.12.29 10:32:05.746,0.94683,0.94725,4.57,2.70
2014.12.29 10:32:06.251,0.94683,0.94725,2.70,3.82
2014.12.29 10:32:06.776,0.94683,0.94725,2.70,3.45
2014.12.29 10:32:07.129,0.94688,0.94724,4.87,4.87
2014.12.29 10:32:20.868,0.94692,0.94727,2.70,2.32
2014.12.29 10:32:37.404,0.94691,0.94724,2.32,2.70
2014.12.29 10:32:37.505,0.94689,0.94724,2.32,2.70
2014.12.29 10:32:37.707,0.94687,0.94721,2.32,2.70
2014.12.29 10:32:37.808,0.94685,0.94721,4.50,4.87
2014.12.29 10:32:40.899,0.94685,0.94718,2.70,2.70
2014.12.29 10:32:40.949,0.94682,0.94718,5.25,4.87
2014.12.29 10:32:41.453,0.94682,0.94718,5.25,4.50
2014.12.29 10:32:41.554,0.94686,0.94718,2.70,2.32
2014.12.29 10:32:41.604,0.94686,0.9472,2.70,2.70
2014.12.29 10:32:41.962,0.94687,0.94722,2.32,2.32
2014.12.29 10:32:42.013,0.94687,0.94724,4.50,5.25
2014.12.29 10:32:43.141,0.94687,0.94721,2.70,2.32
2014.12.29 10:32:43.192,0.94685,0.94721,2.70,2.70
2014.12.29 10:32:43.552,0.94689,0.94722,2.32,2.70
2014.12.29 10:32:43.603,0.94689,0.94724,2.32,2.70
2014.12.29 10:32:43.971,0.94691,0.94726,2.70,2.70
2014.12.29 10:32:44.501,0.94691,0.94727,4.87,4.87
2014.12.29 10:32:47.134,0.94691,0.94727,4.50,5.25
2014.12.29 10:32:47.235,0.94688,0.94723,2.32,2.70
2014.12.29 10:32:47.286,0.94687,0.94719,2.32,2.32
2014.12.29 10:32:47.336,0.94684,0.94719,2.32,2.32
2014.12.29 10:32:52.885,0.94687,0.9472,2.70,2.32
2014.12.29 10:32:53.535,0.94687,0.94721,2.70,2.70
2014.12.29 10:32:55.507,0.94684,0.94718,2.70,2.32
2014.12.29 10:32:55.885,0.94682,0.94716,2.70,2.32
2014.12.29 10:32:56.404,0.94681,0.94716,2.70,2.32
2014.12.29 10:33:04.553,0.94686,0.9472,2.70,2.32
2014.12.29 10:33:04.754,0.94688,0.94723,2.70,2.70
2014.12.29 10:33:10.178,0.94683,0.94714,1.65,4.50
2014.12.29 10:33:10.279,0.9468,0.94712,1.27,4.50
2014.12.29 10:33:10.538,0.94678,0.94712,2.70,2.32
2014.12.29 10:33:10.589,0.94678,0.94714,2.70,2.32
2014.12.29 10:33:14.478,0.94679,0.94714,1.90,2.32
2014.12.29 10:33:14.579,0.94684,0.94718,3.07,2.32
2014.12.29 10:33:14.680,0.94686,0.94723,4.87,4.87
2014.12.29 10:33:15.200,0.94686,0.94723,6.00,4.50
2014.12.29 10:33:15.703,0.94691,0.94726,2.70,2.32
2014.12.29 10:33:16.505,0.94688,0.94724,1.52,4.50
2014.12.29 10:33:16.808,0.94684,0.9472,4.50,4.87
2014.12.29 10:33:16.909,0.94681,0.94718,4.87,4.50
2014.12.29 10:33:17.312,0.94685,0.9472,2.70,2.32
2014.12.29 10:33:17.715,0.94683,0.94717,2.70,2.32
2014.12.29 10:33:23.832,0.94685,0.94721,2.70,2.70
2014.12.29 10:33:28.312,0.94688,0.94722,2.32,2.70
2014.12.29 10:33:28.363,0.94688,0.94725,4.50,6.00
2014.12.29 10:33:48.970,0.94688,0.94724,4.87,2.70
2014.12.29 10:33:49.063,0.9469,0.94722,2.32,2.70
2014.12.29 10:34:00.453,0.94691,0.94724,2.32,4.87
2014.12.29 10:34:01.156,0.9469,0.94718,2.32,2.25
2014.12.29 10:34:01.206,0.94685,0.94718,4.87,4.87
2014.12.29 10:34:06.991,0.94687,0.94717,2.32,1.52
2014.12.29 10:34:07.551,0.94689,0.94719,1.15,4.87
2014.12.29 10:34:07.854,0.94696,0.94727,2.70,3.45
2014.12.29 10:34:08.106,0.94699,0.94732,3.45,2.70
2014.12.29 10:34:09.301,0.94702,0.94733,2.32,4.50
2014.12.29 10:34:10.084,0.94703,0.94734,2.32,2.70
2014.12.29 10:34:10.134,0.94703,0.94736,4.87,4.87
2014.12.29 10:34:10.285,0.94703,0.94733,2.70,2.32
2014.12.29 10:34:10.800,0.94702,0.94733,2.70,2.32
2014.12.29 10:34:11.102,0.94705,0.94735,2.32,2.32
2014.12.29 10:34:11.306,0.94705,0.94738,4.87,4.87
2014.12.29 10:34:12.192,0.94708,0.94738,2.32,2.32
2014.12.29 10:34:12.243,0.94708,0.9474,4.50,4.87
2014.12.29 10:34:14.195,0.94708,0.94737,2.32,2.70
2014.12.29 10:34:14.245,0.94706,0.94737,2.32,3.07
2014.12.29 10:34:14.296,0.94705,0.94734,2.32,2.70
2014.12.29 10:34:14.347,0.94703,0.94734,3.82,2.70
2014.12.29 10:34:14.397,0.94703,0.94731,1.15,2.70
2014.12.29 10:34:14.923,0.947,0.94731,2.70,2.70
2014.12.29 10:34:15.226,0.94698,0.94731,4.87,4.87
2014.12.29 10:34:16.203,0.94702,0.94731,2.32,2.32
2014.12.29 10:34:16.253,0.94702,0.94733,2.32,2.70
2014.12.29 10:34:18.821,0.947,0.94731,4.87,2.32
2014.12.29 10:34:19.422,0.94702,0.94733,2.32,2.70
2014.12.29 10:34:19.901,0.94701,0.9473,2.32,2.32
2014.12.29 10:34:19.952,0.94699,0.9473,2.70,2.32
2014.12.29 10:34:20.732,0.94701,0.94732,2.32,4.87
2014.12.29 10:34:23.619,0.947,0.94733,2.70,2.70
2014.12.29 10:34:23.670,0.94697,0.94736,3.07,2.70
2014.12.29 10:34:23.720,0.947,0.94737,2.70,2.70
2014.12.29 10:34:23.771,0.947,0.9474,4.87,6.00
2014.12.29 10:34:26.262,0.94697,0.94735,2.70,2.32
2014.12.29 10:34:26.565,0.94694,0.94732,3.45,2.70
2014.12.29 10:34:33.471,0.94697,0.94734,2.70,2.70
2014.12.29 10:34:33.863,0.94701,0.94737,2.25,3.07
2014.12.29 10:34:33.917,0.94701,0.94739,2.70,2.70
2014.12.29 10:34:33.967,0.94703,0.9474,2.70,3.45
2014.12.29 10:34:34.018,0.94703,0.9474,2.70,1.52
2014.12.29 10:34:34.169,0.94705,0.94738,2.32,2.25
2014.12.29 10:34:43.744,0.94705,0.94736,2.32,2.32
2014.12.29 10:34:44.258,0.94706,0.94737,2.32,2.32
2014.12.29 10:34:44.492,0.94703,0.94736,2.32,2.70
2014.12.29 10:34:44.593,0.94702,0.94733,2.70,2.32
2014.12.29 10:34:44.694,0.94703,0.94736,4.50,4.87
2014.12.29 10:35:00.715,0.94703,0.94733,2.32,2.32
2014.12.29 10:35:00.866,0.94698,0.94729,2.32,2.70
2014.12.29 10:35:02.801,0.947,0.9473,2.70,2.32
2014.12.29 10:35:03.054,0.94704,0.94737,4.87,4.87
2014.12.29 10:35:03.104,0.94706,0.94737,2.32,2.70
2014.12.29 10:35:03.155,0.94706,0.94739,2.32,2.70
2014.12.29 10:35:03.206,0.94705,0.94735,2.70,2.32
2014.12.29 10:35:03.257,0.94702,0.94735,3.82,2.32
2014.12.29 10:35:03.308,0.94708,0.94736,2.62,2.32
2014.12.29 10:35:03.358,0.94708,0.94739,2.70,2.70
2014.12.29 10:35:03.409,0.94706,0.94737,4.87,2.32
2014.12.29 10:35:11.438,0.94705,0.94735,2.32,2.70
2014.12.29 10:35:11.488,0.94702,0.94735,4.50,5.25
2014.12.29 10:35:11.539,0.94702,0.94725,2.25,2.25
2014.12.29 10:35:11.590,0.947,0.94725,1.00,2.32
2014.12.29 10:35:12.104,0.94694,0.94725,2.70,2.32
2014.12.29 10:35:24.393,0.94694,0.94722,2.25,2.32
2014.12.29 10:35:24.444,0.94689,0.9472,3.45,2.32
2014.12.29 10:35:24.494,0.94689,0.94717,3.07,2.32
2014.12.29 10:35:24.545,0.94689,0.94717,1.20,4.50
2014.12.29 10:35:24.696,0.94684,0.94715,3.45,2.32
2014.12.29 10:35:24.747,0.94684,0.94715,1.52,4.50
2014.12.29 10:35:24.902,0.94684,0.94715,3.45,2.32
2014.12.29 10:35:25.373,0.94686,0.94719,3.07,2.32
2014.12.29 10:35:25.424,0.94689,0.94719,2.70,2.32
2014.12.29 10:35:25.474,0.9469,0.94721,2.70,2.32
2014.12.29 10:35:25.575,0.94692,0.94723,2.70,2.70
2014.12.29 10:35:29.721,0.94692,0.94722,2.32,2.70
2014.12.29 10:35:29.772,0.94689,0.94722,4.50,4.87
2014.12.29 10:35:29.822,0.94689,0.94719,2.32,2.70
2014.12.29 10:35:29.873,0.94686,0.94719,4.87,4.87
2014.12.29 10:35:40.835,0.94688,0.94719,2.70,2.32
2014.12.29 10:35:40.885,0.94689,0.94722,2.70,2.70
2014.12.29 10:35:40.986,0.94692,0.94723,2.32,4.87
2014.12.29 10:35:41.138,0.94694,0.94726,4.50,1.15
2014.12.29 10:35:41.239,0.94694,0.94725,2.32,2.32
2014.12.29 10:35:41.757,0.94695,0.94726,2.32,3.07
2014.12.29 10:35:43.981,0.94697,0.94726,2.70,1.15
2014.12.29 10:35:44.754,0.94698,0.94726,2.32,1.17
2014.12.29 10:35:44.805,0.94698,0.94726,4.50,1.20
2014.12.29 10:35:45.459,0.94701,0.94731,2.70,2.32
2014.12.29 10:35:45.509,0.94701,0.94734,4.87,4.87
2014.12.29 10:35:49.481,0.94704,0.94734,2.32,2.32
2014.12.29 10:35:49.783,0.94705,0.94738,4.87,4.87
2014.12.29 10:35:51.479,0.94708,0.94738,2.32,2.70
2014.12.29 10:35:53.019,0.94708,0.94739,2.32,2.70
2014.12.29 10:36:01.310,0.94711,0.94741,2.32,3.30
2014.12.29 10:36:01.924,0.94711,0.94741,2.32,1.87
2014.12.29 10:36:05.531,0.94715,0.94741,2.32,1.17
2014.12.29 10:36:05.582,0.94715,0.94741,2.32,1.10
2014.12.29 10:36:06.110,0.94716,0.94741,2.32,1.00
2014.12.29 10:36:06.261,0.94714,0.94745,2.32,2.32
2014.12.29 10:36:06.312,0.94712,0.9474,2.32,2.25
2014.12.29 10:36:06.363,0.94709,0.9474,2.32,2.32
2014.12.29 10:36:07.313,0.94711,0.94741,2.32,2.70
2014.12.29 10:36:08.358,0.94711,0.94742,2.32,2.70
2014.12.29 10:36:15.926,0.94709,0.9474,4.50,2.70
2014.12.29 10:36:16.077,0.9471,0.94743,4.87,4.87
2014.12.29 10:36:16.725,0.94714,0.94743,2.32,2.32
2014.12.29 10:36:16.776,0.94714,0.94745,2.32,2.32
2014.12.29 10:36:16.826,0.94717,0.94746,2.32,2.32
2014.12.29 10:36:16.877,0.94717,0.94748,2.32,2.70
2014.12.29 10:36:16.928,0.94719,0.9475,2.70,4.87
2014.12.29 10:36:18.428,0.94717,0.94748,4.50,2.32
2014.12.29 10:36:18.730,0.94716,0.94746,2.32,2.32
2014.12.29 10:36:18.781,0.94714,0.94746,1.15,2.32
2014.12.29 10:36:19.033,0.94714,0.94743,1.15,2.32
2014.12.29 10:36:19.455,0.94713,0.94745,2.32,2.70
2014.12.29 10:36:19.974,0.94713,0.94746,4.50,4.50
2014.12.29 10:36:20.440,0.94713,0.94741,2.32,2.70
2014.12.29 10:36:20.490,0.9471,0.94741,2.32,2.70
2014.12.29 10:36:20.742,0.94708,0.94739,4.50,3.07
2014.12.29 10:36:20.894,0.94701,0.94734,2.32,2.32
2014.12.29 10:36:21.776,0.94704,0.94735,2.32,4.50
2014.12.29 10:36:22.544,0.94705,0.94737,2.32,2.70
2014.12.29 10:36:23.055,0.94709,0.94738,2.32,2.70
2014.12.29 10:36:23.105,0.94709,0.9474,2.32,2.70
2014.12.29 10:36:24.552,0.94708,0.94738,2.32,2.70
2014.12.29 10:36:24.602,0.94705,0.94738,4.87,4.87
2014.12.29 10:36:25.657,0.94708,0.94738,2.32,4.87
2014.12.29 10:36:34.837,0.94711,0.94738,2.32,2.25
2014.12.29 10:36:34.888,0.94712,0.94742,2.32,1.52
2014.12.29 10:36:35.090,0.94716,0.94744,2.32,2.32
2014.12.29 10:36:35.140,0.94716,0.94746,2.32,4.20
2014.12.29 10:36:35.241,0.94713,0.94746,4.50,5.62
2014.12.29 10:36:35.292,0.94715,0.94746,2.32,3.45
2014.12.29 10:36:35.342,0.94715,0.94748,4.50,4.87
2014.12.29 10:36:35.595,0.94715,0.94744,2.32,2.32
2014.12.29 10:36:35.645,0.94713,0.94744,2.32,2.32
2014.12.29 10:36:35.696,0.94717,0.94745,2.32,2.32
2014.12.29 10:36:35.747,0.94717,0.94748,2.32,2.32
2014.12.29 10:36:36.301,0.94716,0.94747,2.32,2.32
2014.12.29 10:36:36.401,0.94713,0.94743,2.32,2.32
2014.12.29 10:36:36.731,0.94718,0.9475,4.50,1.12
2014.12.29 10:36:36.782,0.94721,0.9475,2.32,1.12
2014.12.29 10:36:36.884,0.94723,0.94751,2.32,1.52
2014.12.29 10:36:36.985,0.94721,0.94751,2.32,1.52
2014.12.29 10:36:39.145,0.94722,0.94752,2.32,2.32
2014.12.29 10:36:39.197,0.94723,0.94754,2.32,2.70
2014.12.29 10:36:39.298,0.94725,0.94756,2.32,2.70
2014.12.29 10:36:45.105,0.94724,0.94754,1.15,2.32
2014.12.29 10:36:45.710,0.94726,0.94755,2.32,2.32
2014.12.29 10:36:45.761,0.94726,0.94757,2.70,2.32
2014.12.29 10:36:45.812,0.94732,0.94758,2.25,2.25
2014.12.29 10:36:45.862,0.94732,0.94765,4.50,5.62
2014.12.29 10:36:46.837,0.9473,0.94761,2.32,2.32
2014.12.29 10:36:48.406,0.94733,0.94763,2.32,2.32
2014.12.29 10:36:48.658,0.94731,0.94762,2.32,2.70
2014.12.29 10:36:48.708,0.9473,0.94759,2.32,2.32
2014.12.29 10:36:48.759,0.94728,0.94759,2.32,2.32
2014.12.29 10:36:48.860,0.94728,0.94758,1.15,4.50
2014.12.29 10:36:49.227,0.94727,0.94758,2.70,2.32
2014.12.29 10:36:49.378,0.9473,0.94763,4.50,4.50
2014.12.29 10:36:50.250,0.94729,0.9476,1.15,4.50
2014.12.29 10:36:53.642,0.94727,0.94757,2.32,2.32
2014.12.29 10:36:54.251,0.94726,0.94757,2.32,2.32
2014.12.29 10:36:56.017,0.94725,0.94756,2.70,2.32
2014.12.29 10:36:56.068,0.94724,0.94756,1.52,4.50
2014.12.29 10:36:56.219,0.94724,0.94753,1.15,2.70
2014.12.29 10:36:56.735,0.94723,0.94753,1.15,2.70
2014.12.29 10:36:57.080,0.94727,0.94758,2.70,2.32
2014.12.29 10:36:57.469,0.94729,0.94762,4.87,4.87
2014.12.29 10:36:58.470,0.94727,0.94758,2.32,2.32
2014.12.29 10:36:58.571,0.94725,0.94757,2.32,2.32
2014.12.29 10:36:58.883,0.94723,0.94756,5.25,4.50
2014.12.29 10:36:59.263,0.94726,0.94757,2.70,2.32
2014.12.29 10:36:59.364,0.9473,0.94763,4.50,5.62
2014.12.29 10:36:59.959,0.9473,0.9476,2.32,2.32
2014.12.29 10:37:00.522,0.94729,0.9476,2.32,2.32
2014.12.29 10:37:19.430,0.94726,0.94759,2.70,2.32
2014.12.29 10:37:19.531,0.94724,0.94756,1.15,2.32
2014.12.29 10:37:20.345,0.9472,0.94753,2.32,2.32
2014.12.29 10:37:20.647,0.94719,0.9475,3.07,2.32
2014.12.29 10:37:21.958,0.94721,0.94754,4.50,4.87
2014.12.29 10:37:24.058,0.94727,0.94757,2.32,2.70
2014.12.29 10:37:24.159,0.94729,0.9476,2.32,2.70
2014.12.29 10:37:24.260,0.94726,0.94759,4.87,4.87
2014.12.29 10:37:24.777,0.94727,0.94758,2.70,2.70
2014.12.29 10:37:26.390,0.94734,0.94758,1.00,2.70
2014.12.29 10:37:26.614,0.94729,0.94758,1.15,2.70
2014.12.29 10:37:26.665,0.9473,0.94761,2.32,2.70
2014.12.29 10:37:28.382,0.94728,0.94758,1.52,2.32
2014.12.29 10:37:28.483,0.94728,0.94757,1.15,4.87
2014.12.29 10:37:28.685,0.94728,0.94758,1.15,2.70
2014.12.29 10:37:28.988,0.94724,0.94755,3.07,2.70
2014.12.29 10:37:31.410,0.94726,0.94757,2.70,2.32
2014.12.29 10:37:32.124,0.94733,0.94757,1.00,2.32
2014.12.29 10:37:34.400,0.94734,0.94757,1.00,2.32
2014.12.29 10:37:35.621,0.94726,0.94757,2.70,2.70
2014.12.29 10:37:35.722,0.94724,0.94756,1.52,2.70
2014.12.29 10:37:35.823,0.94724,0.94753,1.27,2.32
2014.12.29 10:37:38.981,0.94724,0.94754,2.70,2.32
2014.12.29 10:37:39.082,0.94725,0.94757,2.70,2.70
2014.12.29 10:37:39.596,0.94725,0.94758,4.87,4.50
2014.12.29 10:37:44.115,0.94727,0.9476,4.87,4.87
2014.12.29 10:37:44.658,0.94733,0.9476,1.00,4.87
2014.12.29 10:37:45.130,0.94729,0.94757,1.15,2.32
2014.12.29 10:37:48.627,0.94722,0.94755,4.87,4.50
2014.12.29 10:37:49.807,0.94722,0.94755,5.25,4.50
2014.12.29 10:37:49.858,0.94725,0.94758,4.87,4.50
2014.12.29 10:37:51.937,0.94729,0.94758,1.52,4.50
2014.12.29 10:37:52.088,0.9473,0.94761,2.70,3.45
2014.12.29 10:37:55.566,0.94728,0.94758,1.27,2.32
2014.12.29 10:37:56.272,0.94728,0.94757,1.27,2.32
2014.12.29 10:38:00.188,0.94728,0.94759,1.27,2.32
2014.12.29 10:38:07.492,0.94729,0.94753,1.07,2.25
2014.12.29 10:38:07.543,0.94729,0.94753,1.00,4.50
2014.12.29 10:38:07.644,0.94723,0.94753,1.27,4.50
2014.12.29 10:38:07.996,0.94724,0.94753,1.52,4.50
2014.12.29 10:38:08.248,0.94727,0.9476,2.70,2.70
2014.12.29 10:38:28.077,0.94734,0.9476,1.12,2.32
2014.12.29 10:38:28.329,0.94734,0.94765,1.15,2.70
2014.12.29 10:38:28.481,0.94734,0.94765,2.40,2.32
2014.12.29 10:38:28.632,0.94739,0.9477,1.52,2.32
2014.12.29 10:38:32.397,0.94743,0.9477,1.00,2.70
2014.12.29 10:38:32.955,0.94739,0.9477,1.27,2.70
2014.12.29 10:38:34.098,0.94739,0.94759,1.07,2.25
2014.12.29 10:38:34.149,0.94733,0.94759,1.00,4.50
2014.12.29 10:38:34.250,0.94733,0.94757,1.00,2.32
2014.12.29 10:38:34.350,0.94728,0.94757,1.17,2.32
2014.12.29 10:38:34.502,0.94728,0.94757,1.15,2.32
2014.12.29 10:38:34.552,0.94728,0.94759,3.07,2.32
2014.12.29 10:38:37.010,0.94729,0.94759,2.70,2.32
2014.12.29 10:38:37.313,0.94731,0.9476,2.70,2.32
2014.12.29 10:38:37.364,0.94731,0.94764,4.87,4.87
2014.12.29 10:38:37.565,0.94734,0.94765,2.70,2.32
2014.12.29 10:38:37.666,0.94737,0.9477,2.70,2.32
2014.12.29 10:38:37.717,0.94739,0.9477,2.32,2.32
2014.12.29 10:38:38.046,0.94741,0.94772,2.32,2.70
2014.12.29 10:38:40.447,0.94739,0.94767,1.17,2.70
2014.12.29 10:38:40.749,0.94731,0.94764,4.87,4.87
2014.12.29 10:38:41.702,0.94734,0.94764,2.70,2.32
2014.12.29 10:38:41.753,0.94735,0.94766,2.70,2.70
2014.12.29 10:38:44.447,0.94733,0.94764,2.70,2.32
2014.12.29 10:38:47.287,0.94735,0.94766,2.70,2.32
2014.12.29 10:38:47.624,0.94739,0.9477,2.32,2.70
2014.12.29 10:38:48.004,0.94737,0.94768,2.32,2.32
2014.12.29 10:38:48.559,0.94738,0.94771,2.32,2.70
2014.12.29 10:38:49.152,0.94738,0.9477,3.07,2.32
2014.12.29 10:38:49.253,0.94738,0.94769,1.15,2.32
2014.12.29 10:38:50.847,0.94738,0.94767,1.15,2.32
2014.12.29 10:38:50.898,0.94738,0.94767,1.15,4.50
2014.12.29 10:38:51.957,0.94738,0.94764,1.07,2.32
2014.12.29 10:38:52.611,0.94738,0.94763,1.00,2.32
2014.12.29 10:38:55.606,0.94739,0.94763,1.00,2.32
2014.12.29 10:38:56.567,0.94738,0.94763,1.00,2.32
2014.12.29 10:38:56.985,0.94739,0.94766,1.27,2.32
2014.12.29 10:38:57.086,0.94739,0.94769,1.15,4.50
2014.12.29 10:38:58.757,0.94738,0.94766,1.07,2.70
2014.12.29 10:38:58.808,0.94738,0.94765,1.00,2.70
2014.12.29 10:39:03.647,0.94739,0.94765,1.00,2.70
2014.12.29 10:39:05.156,0.94738,0.94765,1.07,2.32
2014.12.29 10:39:05.207,0.94738,0.94767,1.15,2.32
2014.12.29 10:39:05.509,0.94739,0.94766,1.00,2.70
2014.12.29 10:39:13.176,0.94734,0.94766,1.52,2.70
2014.12.29 10:39:24.157,0.94739,0.94766,1.00,2.70
2014.12.29 10:39:24.359,0.94732,0.94764,2.70,2.70
2014.12.29 10:39:24.662,0.9473,0.94761,2.70,2.32
2014.12.29 10:39:25.016,0.94729,0.94758,1.52,2.32
2014.12.29 10:39:25.667,0.94729,0.94758,1.52,2.32
2014.12.29 10:39:29.350,0.94729,0.9476,2.70,2.32
2014.12.29 10:39:31.158,0.94727,0.94758,2.70,2.32
2014.12.29 10:39:50.080,0.94729,0.9476,3.45,4.87
2014.12.29 10:40:10.139,0.94728,0.94759,2.70,2.32
2014.12.29 10:40:30.228,0.94729,0.9476,3.45,2.32
2014.12.29 10:40:36.453,0.94732,0.94765,2.70,2.70
2014.12.29 10:40:37.158,0.9473,0.94763,4.87,4.87
2014.12.29 10:40:37.461,0.94728,0.94761,5.62,4.87
2014.12.29 10:40:43.351,0.94729,0.94758,1.52,2.32
2014.12.29 10:40:44.227,0.94729,0.94758,1.52,2.32
2014.12.29 10:40:46.195,0.94729,0.94756,1.17,2.32
2014.12.29 10:40:46.396,0.94723,0.9475,1.00,4.50
2014.12.29 10:40:46.898,0.94719,0.9475,1.15,4.50
2014.12.29 10:40:49.318,0.94724,0.9475,1.00,4.50
2014.12.29 10:40:56.348,0.94724,0.94746,1.00,2.32
2014.12.29 10:41:00.139,0.94719,0.94746,1.27,2.32
2014.12.29 10:41:00.240,0.94723,0.94746,1.00,2.32
2014.12.29 10:41:00.868,0.94719,0.94746,1.27,2.32
2014.12.29 10:41:04.763,0.94719,0.9475,2.32,2.32
2014.12.29 10:41:05.065,0.94724,0.94755,1.65,4.50
2014.12.29 10:41:05.267,0.94726,0.94759,4.87,4.50
2014.12.29 10:41:05.468,0.94729,0.9476,2.32,2.32
2014.12.29 10:41:15.482,0.94728,0.94757,1.15,2.70
2014.12.29 10:41:15.784,0.94729,0.94754,1.00,2.32
2014.12.29 10:41:17.180,0.94729,0.9475,1.00,2.32
2014.12.29 10:41:17.483,0.94728,0.94747,1.00,2.32
2014.12.29 10:41:17.634,0.94715,0.94747,1.15,2.70
2014.12.29 10:41:17.786,0.94714,0.94743,1.15,2.32
2014.12.29 10:41:18.088,0.9471,0.94741,2.70,2.32
2014.12.29 10:41:18.390,0.94712,0.94743,2.70,2.32
2014.12.29 10:41:19.131,0.94712,0.94743,3.07,2.32
2014.12.29 10:41:19.182,0.94714,0.94745,2.70,2.32
2014.12.29 10:41:19.283,0.94716,0.94747,2.70,2.32
2014.12.29 10:41:19.586,0.94719,0.94748,1.52,2.32
2014.12.29 10:41:26.178,0.94724,0.94748,1.00,2.32
2014.12.29 10:41:27.429,0.94723,0.94748,1.10,2.32
2014.12.29 10:41:31.406,0.94718,0.94751,3.45,2.70
2014.12.29 10:41:32.299,0.94718,0.9475,3.45,2.70
2014.12.29 10:41:32.350,0.94716,0.94749,3.07,2.32
2014.12.29 10:41:32.602,0.94724,0.94749,1.00,2.32
2014.12.29 10:41:32.904,0.94729,0.9475,1.00,2.32
2014.12.29 10:41:33.701,0.94724,0.9475,1.10,2.32
2014.12.29 10:41:34.317,0.94729,0.9475,1.00,2.32
2014.12.29 10:41:34.866,0.94724,0.9475,1.10,2.32
2014.12.29 10:41:36.406,0.94728,0.9475,1.00,2.32
2014.12.29 10:41:37.287,0.94729,0.9475,1.00,2.32
2014.12.29 10:41:37.589,0.94729,0.94747,1.00,2.70
2014.12.29 10:41:37.640,0.94718,0.94747,1.17,2.70
2014.12.29 10:41:42.484,0.94719,0.94744,1.00,2.32
2014.12.29 10:41:42.585,0.94714,0.94743,1.15,2.32
2014.12.29 10:41:42.686,0.94714,0.94743,1.15,4.50
2014.12.29 10:41:43.249,0.94714,0.94743,2.32,2.32
2014.12.29 10:41:43.299,0.94714,0.94747,4.50,4.50
2014.12.29 10:41:43.350,0.94717,0.94747,2.32,2.32
2014.12.29 10:41:44.096,0.94717,0.94748,2.32,2.32
2014.12.29 10:41:51.755,0.9472,0.94749,2.32,2.70
2014.12.29 10:41:51.856,0.9472,0.94751,2.32,2.32
2014.12.29 10:41:52.360,0.94719,0.94748,3.07,2.32
2014.12.29 10:41:52.511,0.94719,0.94752,2.70,2.32
2014.12.29 10:41:52.562,0.94721,0.94753,2.70,2.32
2014.12.29 10:41:52.865,0.94727,0.94758,2.70,2.32
2014.12.29 10:41:54.908,0.94729,0.94757,1.17,2.32
2014.12.29 10:41:55.425,0.94728,0.94757,1.27,2.32
2014.12.29 10:41:59.894,0.94724,0.94754,1.15,2.32
2014.12.29 10:41:59.945,0.94724,0.94754,1.15,4.87
2014.12.29 10:41:59.995,0.94724,0.94751,1.15,2.32
2014.12.29 10:42:00.096,0.94719,0.94749,1.52,2.32
2014.12.29 10:42:00.197,0.9472,0.94751,2.70,4.50
2014.12.29 10:42:00.399,0.94719,0.9475,1.27,2.32
2014.12.29 10:42:00.550,0.94719,0.94752,5.62,4.50
2014.12.29 10:42:00.853,0.94729,0.94752,1.00,4.87
2014.12.29 10:42:01.211,0.94728,0.94754,1.45,2.32
2014.12.29 10:42:01.312,0.94728,0.94757,1.52,2.32
2014.12.29 10:42:01.986,0.94728,0.94758,1.52,2.32
2014.12.29 10:42:03.803,0.94728,0.94756,1.15,2.32
2014.12.29 10:42:04.306,0.94728,0.94756,1.15,2.32
2014.12.29 10:42:04.928,0.94728,0.94757,1.15,2.70
2014.12.29 10:42:04.979,0.94728,0.94759,1.15,2.70
2014.12.29 10:42:05.080,0.94728,0.94761,5.25,4.87
2014.12.29 10:42:05.382,0.94739,0.94761,1.00,4.50
2014.12.29 10:42:06.764,0.94739,0.94762,1.00,2.32
2014.12.29 10:42:06.815,0.94739,0.94764,1.00,4.87
2014.12.29 10:42:07.318,0.94744,0.94764,1.00,2.32
2014.12.29 10:42:07.671,0.94738,0.94764,1.10,2.32
2014.12.29 10:42:10.231,0.94734,0.94762,1.15,2.32
2014.12.29 10:42:11.056,0.94734,0.94762,1.15,2.70
2014.12.29 10:42:13.318,0.9474,0.94763,2.25,2.25
2014.12.29 10:42:13.369,0.9474,0.94768,2.32,1.07
2014.12.29 10:42:13.419,0.94738,0.94769,2.32,2.32
2014.12.29 10:42:13.470,0.94735,0.94769,4.87,4.50
2014.12.29 10:42:13.520,0.94739,0.94769,2.70,2.32
2014.12.29 10:42:13.571,0.94739,0.94771,2.32,2.32
2014.12.29 10:42:13.723,0.94739,0.94769,1.15,2.32
2014.12.29 10:42:14.026,0.94739,0.94766,1.07,2.32
2014.12.29 10:42:14.453,0.94733,0.94763,1.27,2.32
2014.12.29 10:42:14.865,0.94734,0.94767,5.62,4.50
2014.12.29 10:42:18.354,0.94738,0.94769,2.70,2.70
2014.12.29 10:42:18.868,0.94744,0.94769,1.00,2.32
2014.12.29 10:42:19.683,0.94738,0.94769,2.70,2.32
2014.12.29 10:42:19.985,0.94736,0.94767,2.70,2.32
2014.12.29 10:42:20.288,0.94737,0.9477,2.70,2.70
2014.12.29 10:42:20.657,0.94745,0.9477,2.25,2.25
2014.12.29 10:42:20.708,0.94747,0.94779,2.32,2.32
2014.12.29 10:42:20.981,0.94746,0.94776,2.32,1.15
2014.12.29 10:42:21.183,0.94748,0.94778,2.32,1.15
2014.12.29 10:42:21.284,0.94747,0.94778,2.32,2.32
2014.12.29 10:42:21.486,0.94743,0.94776,2.32,2.32
2014.12.29 10:42:21.587,0.94741,0.94774,5.25,4.50
2014.12.29 10:42:21.688,0.94747,0.94781,2.32,3.07
2014.12.29 10:42:21.789,0.9475,0.94781,2.32,2.32
2014.12.29 10:42:22.495,0.94754,0.9478,1.07,2.32
2014.12.29 10:42:22.646,0.94749,0.94775,1.10,2.92
2014.12.29 10:42:22.697,0.94749,0.94769,1.10,2.25
2014.12.29 10:42:22.848,0.94744,0.94769,1.00,4.50
2014.12.29 10:42:23.876,0.94744,0.94766,1.00,1.45
2014.12.29 10:42:24.178,0.94749,0.94764,1.00,2.32
2014.12.29 10:42:24.329,0.94749,0.94767,1.00,2.32
2014.12.29 10:42:24.430,0.94743,0.94767,1.00,2.32
2014.12.29 10:42:24.581,0.94749,0.94767,1.00,2.32
2014.12.29 10:42:25.007,0.94744,0.94767,1.00,2.32
2014.12.29 10:42:25.605,0.94744,0.9477,1.10,2.32
2014.12.29 10:42:27.787,0.9474,0.9477,2.70,2.32
2014.12.29 10:42:27.838,0.9474,0.94773,4.87,4.50
2014.12.29 10:42:27.888,0.94749,0.94773,1.00,4.50
2014.12.29 10:42:29.867,0.94743,0.94773,1.15,4.50
2014.12.29 10:42:31.088,0.94743,0.9477,1.07,2.70
2014.12.29 10:42:31.139,0.94743,0.94769,1.10,2.32
2014.12.29 10:42:31.189,0.94738,0.94767,3.07,2.32
2014.12.29 10:42:31.240,0.94738,0.94766,1.15,2.32
2014.12.29 10:42:31.341,0.94738,0.94764,1.10,2.32
2014.12.29 10:42:31.643,0.94733,0.94762,1.15,2.32
2014.12.29 10:42:34.032,0.94734,0.94764,1.15,2.70
2014.12.29 10:42:34.385,0.94743,0.94764,1.00,2.32
2014.12.29 10:42:39.351,0.94743,0.94767,1.00,2.32
2014.12.29 10:42:39.452,0.94743,0.9477,1.17,2.70
2014.12.29 10:42:40.234,0.94743,0.94769,1.00,4.87
2014.12.29 10:42:43.193,0.94744,0.94769,1.00,4.50
2014.12.29 10:42:43.546,0.94743,0.94767,1.00,2.32
2014.12.29 10:42:43.848,0.94739,0.94767,1.17,2.32
2014.12.29 10:42:47.186,0.94734,0.94766,1.52,2.70
2014.12.29 10:42:47.236,0.94734,0.94764,1.52,2.32
2014.12.29 10:42:47.782,0.94734,0.94763,1.52,2.32
2014.12.29 10:42:49.149,0.94735,0.94764,2.70,2.32
2014.12.29 10:42:49.250,0.94735,0.94766,2.70,2.32
2014.12.29 10:42:50.151,0.94734,0.94764,3.45,2.32
2014.12.29 10:42:50.564,0.94734,0.94762,1.52,2.32
2014.12.29 10:42:51.195,0.94734,0.94762,1.52,2.32
2014.12.29 10:42:51.959,0.94734,0.94764,1.52,2.32
2014.12.29 10:42:52.275,0.94734,0.94762,1.15,2.32
2014.12.29 10:42:52.876,0.94734,0.94764,1.17,4.50
2014.12.29 10:42:54.265,0.94735,0.94766,2.32,2.70
2014.12.29 10:42:54.618,0.94743,0.94766,1.00,2.32
2014.12.29 10:42:54.769,0.94743,0.94769,1.00,4.50
2014.12.29 10:42:55.386,0.94736,0.94769,4.87,4.87
2014.12.29 10:42:55.487,0.94736,0.94766,2.32,2.70
2014.12.29 10:42:55.790,0.94734,0.94764,2.70,2.70
2014.12.29 10:42:55.840,0.94733,0.94764,1.52,4.87
2014.12.29 10:42:56.000,0.94734,0.94764,2.70,2.70
2014.12.29 10:42:56.517,0.94734,0.94765,2.70,2.70
2014.12.29 10:42:57.966,0.94736,0.94767,2.70,2.70
2014.12.29 10:42:58.067,0.94736,0.94769,2.70,2.70
2014.12.29 10:42:58.370,0.94735,0.94765,2.70,2.32
2014.12.29 10:42:58.471,0.94733,0.94765,1.52,4.50
2014.12.29 10:42:59.097,0.94734,0.94765,2.70,2.32
2014.12.29 10:42:59.147,0.94734,0.94767,4.87,4.87
2014.12.29 10:43:06.529,0.94736,0.94767,2.70,2.32
2014.12.29 10:43:06.580,0.94736,0.94769,4.87,4.87
2014.12.29 10:43:15.716,0.94739,0.94764,1.07,2.32
2014.12.29 10:43:15.766,0.94739,0.94764,1.00,2.32
2014.12.29 10:43:15.817,0.94733,0.94763,1.27,2.32
2014.12.29 10:43:15.918,0.94733,0.94763,1.65,2.70
2014.12.29 10:43:16.220,0.94733,0.94764,2.70,2.32
2014.12.29 10:43:16.384,0.94736,0.94769,4.87,4.87
2014.12.29 10:43:27.236,0.94738,0.94769,1.52,4.50
2014.12.29 10:43:27.517,0.9474,0.94769,2.70,2.32
2014.12.29 10:43:27.617,0.9474,0.94771,2.32,2.32
2014.12.29 10:43:28.755,0.94739,0.94769,2.70,2.32
2014.12.29 10:43:29.266,0.94738,0.94769,3.45,2.32
2014.12.29 10:43:29.963,0.94738,0.94767,1.15,2.70
2014.12.29 10:43:30.014,0.94738,0.94767,1.17,2.70
2014.12.29 10:43:30.065,0.94738,0.94764,1.20,2.32
2014.12.29 10:43:32.778,0.94738,0.94765,2.62,2.25
2014.12.29 10:43:32.829,0.94738,0.94771,2.70,2.32
2014.12.29 10:43:35.098,0.94744,0.94771,1.00,2.32
2014.12.29 10:43:44.121,0.94738,0.94771,3.45,2.32
2014.12.29 10:43:47.114,0.94738,0.94767,1.52,2.32
2014.12.29 10:43:47.266,0.94738,0.94765,1.07,2.32
2014.12.29 10:43:48.604,0.94739,0.94759,1.00,2.25
2014.12.29 10:43:48.755,0.94734,0.94759,1.00,4.50
2014.12.29 10:43:48.856,0.94729,0.94759,1.15,4.50
2014.12.29 10:43:48.907,0.94729,0.94759,1.27,2.32
2014.12.29 10:43:48.957,0.94729,0.94761,1.27,2.70
2014.12.29 10:43:50.515,0.94733,0.94762,1.07,2.32
2014.12.29 10:43:51.143,0.94733,0.94763,1.15,2.32
2014.12.29 10:43:57.314,0.94734,0.94765,2.32,4.50
2014.12.29 10:43:57.885,0.94736,0.94767,2.32,2.32
2014.12.29 10:43:58.255,0.94734,0.94765,2.70,2.32
2014.12.29 10:44:03.446,0.94733,0.94762,2.32,2.32
2014.12.29 10:44:03.496,0.94731,0.94762,2.70,2.32
2014.12.29 10:44:06.228,0.9473,0.94761,2.70,2.32
2014.12.29 10:44:06.279,0.94729,0.94761,1.52,2.32
2014.12.29 10:44:06.696,0.94729,0.94759,1.15,2.70
2014.12.29 10:44:06.998,0.94724,0.94753,1.27,2.32
2014.12.29 10:44:07.300,0.94724,0.94754,2.70,2.32
2014.12.29 10:44:07.351,0.94724,0.94753,1.27,2.32
2014.12.29 10:44:13.722,0.9472,0.9475,2.70,2.32
2014.12.29 10:44:13.772,0.94719,0.9475,1.52,4.50
2014.12.29 10:44:14.424,0.9472,0.9475,3.07,2.32
2014.12.29 10:44:14.475,0.94721,0.94752,2.70,2.32
2014.12.29 10:44:14.526,0.94723,0.94752,2.70,2.25
2014.12.29 10:44:14.576,0.94724,0.94757,2.70,2.32
2014.12.29 10:44:14.778,0.94727,0.94758,2.70,2.32
2014.12.29 10:44:14.879,0.94724,0.94756,2.02,4.87
2014.12.29 10:44:14.929,0.94733,0.94756,1.00,4.87
2014.12.29 10:44:15.131,0.94729,0.94756,1.00,4.50
2014.12.29 10:44:15.181,0.94729,0.94753,1.00,2.32
2014.12.29 10:44:15.332,0.94729,0.94758,1.15,4.50
2014.12.29 10:44:15.383,0.94729,0.94758,1.15,2.32
2014.12.29 10:44:15.433,0.94729,0.9476,1.15,4.50
2014.12.29 10:44:24.025,0.94727,0.94757,2.70,2.32
2014.12.29 10:44:24.076,0.94724,0.94757,6.00,4.50
2014.12.29 10:44:32.546,0.94729,0.94757,1.27,2.32
2014.12.29 10:44:33.112,0.94729,0.94758,1.27,2.32
2014.12.29 10:44:55.106,0.94729,0.94755,1.17,2.32
2014.12.29 10:44:55.156,0.94729,0.94755,1.10,2.32
2014.12.29 10:44:56.423,0.94729,0.94753,1.00,2.70
2014.12.29 10:44:56.625,0.94724,0.94753,1.27,2.32
2014.12.29 10:44:57.014,0.94725,0.94755,2.70,2.32
2014.12.29 10:44:57.579,0.94725,0.94756,2.70,2.70
2014.12.29 10:45:00.419,0.94726,0.94758,2.70,2.70
2014.12.29 10:45:00.929,0.94729,0.94759,1.15,4.87
2014.12.29 10:45:04.437,0.9473,0.94759,2.70,2.32
2014.12.29 10:45:04.953,0.94734,0.9476,1.00,2.70
2014.12.29 10:45:06.382,0.94729,0.9476,1.15,4.20
2014.12.29 10:45:13.833,0.94729,0.94756,1.07,2.32
2014.12.29 10:45:13.883,0.94729,0.94756,1.00,2.32
2014.12.29 10:45:15.171,0.94729,0.94754,1.00,2.32
2014.12.29 10:45:15.324,0.94724,0.94754,1.15,4.87
2014.12.29 10:45:16.013,0.94724,0.94754,1.27,2.32
2014.12.29 10:45:16.063,0.94724,0.94756,1.27,4.87
2014.12.29 10:45:16.556,0.94724,0.94753,1.15,2.32
2014.12.29 10:45:16.858,0.94724,0.94755,3.07,2.70
2014.12.29 10:45:17.261,0.94724,0.94753,1.15,2.32
2014.12.29 10:45:17.563,0.94724,0.94755,3.45,2.32
2014.12.29 10:45:30.277,0.94729,0.94754,1.00,2.32
2014.12.29 10:45:32.259,0.94729,0.94755,1.10,2.32
2014.12.29 10:45:35.159,0.94729,0.94755,1.17,2.32
2014.12.29 10:45:35.210,0.94729,0.94757,1.15,2.70
2014.12.29 10:45:37.939,0.94729,0.94756,1.07,2.70
2014.12.29 10:45:37.990,0.94729,0.94754,1.00,2.32
2014.12.29 10:45:40.132,0.94729,0.94753,1.00,2.70
2014.12.29 10:45:40.496,0.94729,0.94755,1.10,2.70
2014.12.29 10:45:40.999,0.94726,0.94757,2.32,2.70
2014.12.29 10:45:50.974,0.9473,0.94757,2.32,2.25
2014.12.29 10:45:51.024,0.9473,0.9476,4.87,1.65
2014.12.29 10:45:51.125,0.94732,0.94765,4.05,3.07
2014.12.29 10:45:51.427,0.94748,0.94773,1.00,4.50
2014.12.29 10:45:52.096,0.94748,0.94775,1.17,2.32
2014.12.29 10:45:52.503,0.94748,0.94773,1.00,2.32
2014.12.29 10:45:52.705,0.94748,0.94775,1.00,2.70
2014.12.29 10:45:58.622,0.94743,0.94775,1.37,2.70
2014.12.29 10:46:05.558,0.94743,0.94778,1.57,1.52
2014.12.29 10:46:06.070,0.94744,0.94779,1.37,4.87
2014.12.29 10:46:10.061,0.94749,0.94779,1.00,4.87
2014.12.29 10:46:12.561,0.94744,0.94779,2.62,4.87
2014.12.29 10:46:12.712,0.94744,0.94777,1.00,3.07
2014.12.29 10:46:13.131,0.94748,0.94775,1.00,2.70
2014.12.29 10:46:13.434,0.94748,0.94778,1.00,2.70
2014.12.29 10:46:14.216,0.94749,0.94778,1.00,2.70
2014.12.29 10:46:14.724,0.94749,0.94777,1.20,4.87
2014.12.29 10:46:18.441,0.94754,0.94777,1.00,4.87
2014.12.29 10:46:21.621,0.94749,0.94777,1.20,4.87
2014.12.29 10:46:21.672,0.94749,0.94777,1.57,4.50
2014.12.29 10:46:21.773,0.94751,0.94779,1.37,4.50
2014.12.29 10:46:21.823,0.94758,0.94779,1.00,2.32
2014.12.29 10:46:21.874,0.94758,0.94783,1.00,2.32
2014.12.29 10:46:21.975,0.94759,0.94785,1.10,2.32
2014.12.29 10:46:30.631,0.94755,0.94785,2.70,2.32
2014.12.29 10:46:30.682,0.94757,0.94788,2.32,2.70
2014.12.29 10:46:30.984,0.94759,0.94786,1.07,2.32
2014.12.29 10:46:41.574,0.94754,0.94783,1.15,4.50
2014.12.29 10:46:41.675,0.94754,0.9478,1.10,2.70
2014.12.29 10:46:42.804,0.9475,0.94783,2.32,2.70
2014.12.29 10:46:43.275,0.94754,0.94784,1.15,2.70
2014.12.29 10:46:44.343,0.94753,0.94783,1.52,2.32
2014.12.29 10:46:44.452,0.94753,0.94783,1.52,2.32
2014.12.29 10:46:44.502,0.94753,0.94785,1.52,4.87
2014.12.29 10:46:44.570,0.94759,0.94785,1.00,4.87
2014.12.29 10:46:45.190,0.94759,0.94782,1.00,2.32
2014.12.29 10:46:45.392,0.94759,0.94784,1.00,4.50
2014.12.29 10:46:45.570,0.94754,0.94784,1.15,4.50
2014.12.29 10:46:45.780,0.94758,0.94784,1.00,4.50
2014.12.29 10:46:49.310,0.94755,0.94784,2.32,2.32
2014.12.29 10:46:49.411,0.94755,0.94786,2.32,2.70
2014.12.29 10:46:50.021,0.94759,0.94784,1.10,2.32
2014.12.29 10:46:51.830,0.94753,0.94784,2.32,2.32
2014.12.29 10:46:52.032,0.94765,0.94792,2.70,1.00
2014.12.29 10:46:52.485,0.94769,0.948,1.52,2.70
2014.12.29 10:46:53.224,0.94769,0.94798,1.15,4.87
2014.12.29 10:46:56.891,0.94768,0.94795,1.20,2.32
2014.12.29 10:46:56.942,0.94762,0.94795,7.12,4.87
2014.12.29 10:46:57.143,0.94765,0.94796,2.70,2.32
2014.12.29 10:46:57.244,0.9477,0.94803,4.87,4.50
2014.12.29 10:46:57.295,0.94773,0.94803,2.70,2.32
2014.12.29 10:46:57.345,0.94778,0.94805,1.17,2.32
2014.12.29 10:46:57.396,0.94778,0.94806,1.15,1.15
2014.12.29 10:47:02.311,0.94779,0.94807,1.17,3.07
2014.12.29 10:47:02.412,0.94774,0.94805,3.07,2.70
2014.12.29 10:47:02.513,0.94774,0.94801,1.00,4.87
2014.12.29 10:47:03.989,0.94774,0.94804,1.15,4.87
2014.12.29 10:47:04.242,0.94774,0.94805,3.45,2.70
2014.12.29 10:47:09.819,0.94778,0.94807,2.40,2.32
2014.12.29 10:47:30.186,0.94778,0.94808,2.77,2.70
2014.12.29 10:47:50.225,0.94776,0.94807,2.70,2.32
2014.12.29 10:47:51.277,0.94776,0.94806,2.32,2.70
2014.12.29 10:47:51.328,0.94774,0.94806,2.77,4.87
2014.12.29 10:47:51.803,0.94775,0.94808,2.70,2.70
2014.12.29 10:48:10.271,0.94772,0.94806,2.02,2.70
2014.12.29 10:48:17.221,0.94775,0.94808,1.95,2.70
2014.12.29 10:48:17.861,0.94777,0.94809,2.02,2.70
2014.12.29 10:48:29.968,0.94779,0.94811,1.65,2.70
2014.12.29 10:48:31.302,0.94779,0.94811,1.52,2.32
2014.12.29 10:48:31.504,0.94787,0.94821,2.62,4.87
2014.12.29 10:48:31.605,0.94794,0.94821,1.00,4.87
2014.12.29 10:48:32.878,0.94793,0.94821,1.00,4.87
2014.12.29 10:48:35.997,0.94793,0.94815,1.00,2.32
2014.12.29 10:48:36.098,0.94793,0.94821,1.00,4.87
2014.12.29 10:48:37.608,0.94794,0.94821,1.00,4.87
2014.12.29 10:48:37.868,0.94789,0.94821,1.27,4.87
2014.12.29 10:48:38.070,0.94793,0.94821,1.00,4.87
2014.12.29 10:48:39.038,0.94799,0.94821,1.00,4.87
2014.12.29 10:48:40.359,0.94794,0.94821,1.00,4.87
2014.12.29 10:48:47.627,0.94794,0.94823,1.00,2.02
2014.12.29 10:48:48.880,0.94789,0.94823,1.15,2.02
2014.12.29 10:48:48.930,0.94789,0.94821,1.20,4.87
2014.12.29 10:48:54.807,0.94789,0.94818,1.10,2.70
2014.12.29 10:49:00.310,0.94788,0.94818,1.00,4.87
2014.12.29 10:49:00.817,0.94789,0.94818,1.00,4.87
2014.12.29 10:49:01.697,0.94788,0.94818,1.00,4.87
2014.12.29 10:49:04.568,0.94788,0.94818,1.07,2.70
2014.12.29 10:49:04.618,0.94788,0.94821,1.15,2.02
2014.12.29 10:49:04.921,0.94793,0.94822,1.00,2.70
2014.12.29 10:49:13.145,0.94793,0.94819,1.00,2.70
2014.12.29 10:49:13.396,0.94784,0.94818,2.02,2.70
2014.12.29 10:49:13.548,0.94784,0.94818,4.20,2.70
2014.12.29 10:49:13.850,0.94789,0.9482,1.17,2.70
2014.12.29 10:49:14.275,0.94789,0.94818,1.07,2.32
2014.12.29 10:49:14.326,0.94789,0.94818,1.00,4.87
2014.12.29 10:49:15.298,0.94789,0.94815,1.00,2.70
2014.12.29 10:49:15.814,0.94789,0.94814,1.00,3.45
2014.12.29 10:49:19.314,0.94784,0.94814,1.07,5.62
2014.12.29 10:49:19.832,0.94784,0.94811,1.00,2.02
2014.12.29 10:49:20.647,0.94789,0.94812,1.00,2.02
2014.12.29 10:49:21.106,0.94784,0.9481,1.00,2.02
2014.12.29 10:49:21.837,0.94783,0.94813,1.00,4.20
2014.12.29 10:49:26.309,0.94783,0.94811,1.00,4.20
2014.12.29 10:49:26.611,0.94783,0.94809,1.00,2.70
2014.12.29 10:49:29.138,0.94784,0.94809,1.00,2.70
2014.12.29 10:49:29.686,0.94783,0.94809,1.00,2.70
2014.12.29 10:49:30.827,0.94783,0.94808,1.00,2.32
2014.12.29 10:49:31.128,0.94783,0.94806,1.00,2.32
2014.12.29 10:49:31.472,0.94783,0.94804,1.00,4.87
2014.12.29 10:49:31.623,0.94778,0.94801,1.00,2.70
2014.12.29 10:49:31.875,0.94773,0.94801,1.00,2.70
2014.12.29 10:49:32.823,0.94774,0.94801,1.00,2.32
2014.12.29 10:49:37.649,0.94778,0.94801,1.00,2.32
2014.12.29 10:49:37.700,0.94778,0.94804,1.00,2.70
2014.12.29 10:49:37.851,0.9477,0.94804,2.70,2.70
2014.12.29 10:49:43.503,0.94774,0.94803,1.07,2.32
2014.12.29 10:49:43.704,0.94773,0.94802,1.00,2.70
2014.12.29 10:49:46.338,0.94774,0.94802,1.00,2.70
2014.12.29 10:49:46.891,0.94773,0.94802,1.00,2.70
2014.12.29 10:49:47.395,0.94774,0.94802,1.00,2.70
2014.12.29 10:49:48.118,0.94769,0.94802,1.15,2.70
2014.12.29 10:49:49.143,0.94769,0.948,1.17,2.70
2014.12.29 10:49:49.244,0.94769,0.94799,1.17,2.32
2014.12.29 10:49:54.371,0.94773,0.94799,1.00,2.70
2014.12.29 10:49:56.879,0.94768,0.94799,2.77,2.70
2014.12.29 10:50:00.357,0.94768,0.94796,1.00,2.70
2014.12.29 10:50:07.109,0.94765,0.94796,1.65,2.70
2014.12.29 10:50:07.911,0.94769,0.94796,1.00,2.70
2014.12.29 10:50:09.447,0.94769,0.94796,1.37,2.32
2014.12.29 10:50:09.498,0.94769,0.94801,1.52,4.20
2014.12.29 10:50:09.726,0.9477,0.94805,2.70,2.70
2014.12.29 10:50:09.979,0.94769,0.94803,1.15,2.32
2014.12.29 10:50:10.080,0.94769,0.948,1.00,2.32
2014.12.29 10:50:11.711,0.94769,0.94805,5.25,5.62
2014.12.29 10:50:12.788,0.94769,0.94802,1.15,2.70
2014.12.29 10:50:13.091,0.94769,0.94799,1.10,2.70
2014.12.29 10:50:22.336,0.94769,0.94802,1.15,2.70
2014.12.29 10:50:22.437,0.94769,0.94799,1.10,2.70
2014.12.29 10:50:25.731,0.94768,0.94796,1.00,2.70
2014.12.29 10:50:26.262,0.94769,0.94796,1.00,2.70
2014.12.29 10:50:28.850,0.94764,0.94796,2.77,2.70
2014.12.29 10:50:29.052,0.94769,0.94796,1.00,2.70
2014.12.29 10:50:29.499,0.94769,0.94796,1.37,2.32
2014.12.29 10:50:29.550,0.94769,0.94804,1.52,5.62
2014.12.29 10:50:29.651,0.94772,0.94805,2.70,1.15
2014.12.29 10:50:29.752,0.94774,0.94809,2.70,2.70
2014.12.29 10:50:48.584,0.94779,0.94809,1.70,2.70
2014.12.29 10:50:49.106,0.94778,0.94809,1.17,2.70
2014.12.29 10:50:50.159,0.94778,0.9481,1.17,4.87
2014.12.29 10:50:53.490,0.94778,0.94806,1.07,2.70
2014.12.29 10:50:57.776,0.94778,0.94806,1.00,2.70
2014.12.29 10:50:58.628,0.94779,0.94806,1.00,2.70
2014.12.29 10:50:59.111,0.94774,0.94806,1.27,3.45
2014.12.29 10:51:02.165,0.94779,0.94806,1.00,2.70
2014.12.29 10:51:16.908,0.94778,0.94806,1.00,2.70
2014.12.29 10:51:21.512,0.94778,0.94806,1.00,3.07
2014.12.29 10:51:21.815,0.94779,0.948,1.00,2.70
2014.12.29 10:51:22.668,0.94779,0.94801,1.00,2.70
2014.12.29 10:51:22.719,0.94779,0.94803,1.00,2.70
2014.12.29 10:51:32.347,0.94779,0.94801,1.00,2.70
2014.12.29 10:51:36.147,0.94774,0.94801,1.00,2.70
2014.12.29 10:51:41.373,0.94774,0.94802,1.07,2.25
2014.12.29 10:51:41.424,0.94774,0.94799,1.15,1.50
2014.12.29 10:51:41.575,0.94775,0.94808,2.02,2.70
2014.12.29 10:51:42.079,0.94779,0.94808,1.00,2.70
2014.12.29 10:51:42.181,0.94779,0.94803,1.00,2.25
2014.12.29 10:51:42.635,0.94774,0.94803,1.10,2.32
2014.12.29 10:51:42.887,0.94774,0.94801,1.00,2.32
2014.12.29 10:51:48.140,0.94768,0.94801,1.15,4.87
2014.12.29 10:51:49.486,0.94769,0.94801,1.17,2.70
2014.12.29 10:51:49.587,0.94769,0.94801,1.15,2.70
2014.12.29 10:51:50.262,0.94769,0.94801,1.15,4.87
2014.12.29 10:52:03.612,0.94771,0.94801,1.05,3.07
2014.12.29 10:52:03.763,0.94773,0.94807,4.20,2.32
2014.12.29 10:52:03.814,0.94775,0.94808,2.32,2.70
2014.12.29 10:52:03.865,0.94775,0.94806,2.32,1.07
2014.12.29 10:52:05.027,0.94779,0.9481,1.07,5.32
2014.12.29 10:52:05.178,0.94769,0.94803,1.65,4.87
2014.12.29 10:52:05.329,0.94774,0.94803,1.00,4.87
2014.12.29 10:52:05.631,0.94768,0.948,1.15,2.70
2014.12.29 10:52:05.682,0.94768,0.948,1.15,4.87
2014.12.29 10:52:14.514,0.94768,0.948,4.05,2.32
2014.12.29 10:52:14.564,0.94769,0.94802,2.92,1.27
2014.12.29 10:52:15.068,0.94769,0.94801,1.10,2.70
2014.12.29 10:52:17.410,0.94769,0.94801,1.27,2.32
2014.12.29 10:52:17.460,0.94769,0.94803,3.45,2.70
2014.12.29 10:52:17.712,0.94771,0.94803,2.70,2.32
2014.12.29 10:52:17.763,0.94773,0.94807,1.52,4.87
2014.12.29 10:52:17.917,0.94774,0.94807,2.70,2.70
2014.12.29 10:52:17.967,0.94774,0.9481,6.37,4.87
2014.12.29 10:52:22.645,0.94784,0.9481,1.00,4.87
2014.12.29 10:52:22.847,0.94784,0.94812,1.00,2.70
2014.12.29 10:52:23.099,0.94789,0.94812,1.00,2.70
2014.12.29 10:52:27.936,0.94784,0.94812,1.00,2.32
2014.12.29 10:52:30.912,0.94789,0.94812,1.00,2.70
2014.12.29 10:52:31.117,0.94783,0.94812,1.10,4.95
2014.12.29 10:52:33.099,0.94784,0.94811,1.00,1.52
2014.12.29 10:52:35.728,0.94783,0.94812,1.10,4.95
2014.12.29 10:52:39.907,0.94783,0.94809,1.00,2.32
2014.12.29 10:52:40.159,0.94773,0.94805,1.15,2.02
2014.12.29 10:52:40.210,0.94773,0.94804,1.15,2.62
2014.12.29 10:52:40.998,0.94774,0.94804,1.17,2.70
2014.12.29 10:52:43.316,0.94778,0.94804,1.00,2.70
2014.12.29 10:52:43.867,0.94779,0.94804,1.00,4.20
2014.12.29 10:52:44.889,0.94773,0.94804,1.15,2.70
2014.12.29 10:52:48.476,0.94772,0.94804,2.70,2.32
2014.12.29 10:52:48.527,0.94772,0.94806,4.87,1.27
2014.12.29 10:52:49.716,0.94772,0.94807,6.00,1.65
2014.12.29 10:52:49.816,0.9477,0.94805,2.02,4.87
2014.12.29 10:52:53.395,0.94776,0.94805,2.25,2.25
2014.12.29 10:52:53.446,0.94778,0.94807,2.70,1.57
2014.12.29 10:52:54.000,0.94778,0.94811,2.32,3.45
2014.12.29 10:52:54.051,0.94775,0.94809,2.32,3.45
2014.12.29 10:52:54.101,0.94775,0.94806,2.25,2.32
2014.12.29 10:52:54.152,0.9477,0.94805,4.20,2.70
2014.12.29 10:52:56.845,0.94776,0.94806,4.50,1.00
2014.12.29 10:52:57.147,0.94778,0.94812,3.07,3.45
2014.12.29 10:52:57.248,0.94778,0.9481,1.15,2.70
2014.12.29 10:52:58.126,0.94772,0.94808,2.32,2.70
2014.12.29 10:52:59.145,0.94774,0.94809,4.87,1.27
2014.12.29 10:53:00.640,0.94779,0.94811,1.17,2.70
2014.12.29 10:53:01.165,0.94779,0.94812,1.15,2.70
2014.12.29 10:53:02.345,0.94788,0.94812,1.00,2.70
2014.12.29 10:53:03.128,0.94779,0.94812,1.52,2.32
2014.12.29 10:53:03.229,0.94779,0.94809,1.07,2.70
2014.12.29 10:53:03.279,0.94779,0.94808,1.10,2.70
