2013.03.05 17:00:00.022,1.05315,1.05335,1.13,1.35
2013.03.05 17:00:00.717,1.05314,1.05335,1.13,2.10
2013.03.05 17:00:01.091,1.05315,1.05335,1.13,1.35
2013.03.05 17:00:03.022,1.05315,1.05335,1.13,1.73
2013.03.05 17:00:03.543,1.05313,1.05334,3.00,1.35
2013.03.05 17:00:03.602,1.05314,1.05334,1.13,1.35
2013.03.05 17:00:06.243,1.05314,1.05336,1.88,1.35
2013.03.05 17:00:06.652,1.05322,1.05341,1.50,1.73
2013.03.05 17:00:06.832,1.05322,1.05343,1.88,2.10
2013.03.05 17:00:07.016,1.05323,1.05344,1.50,1.35
2013.03.05 17:00:07.202,1.05324,1.05344,1.50,1.35
2013.03.05 17:00:11.002,1.05327,1.05347,1.50,1.35
2013.03.05 17:00:11.274,1.05325,1.05347,1.13,2.10
2013.03.05 17:00:11.392,1.05328,1.05347,1.13,1.73
2013.03.05 17:00:11.592,1.05325,1.05346,1.88,1.35
2013.03.05 17:00:11.993,1.05326,1.05346,1.88,1.35
2013.03.05 17:00:12.243,1.05325,1.05346,1.13,2.10
2013.03.05 17:00:12.652,1.05331,1.05347,1.50,1.35
2013.03.05 17:00:12.833,1.05333,1.05351,1.13,2.10
2013.03.05 17:00:12.892,1.05334,1.05351,1.13,1.35
2013.03.05 17:00:13.012,1.05334,1.05354,1.13,1.35
2013.03.05 17:00:13.392,1.05334,1.05354,1.13,1.35
2013.03.05 17:00:13.692,1.05334,1.05353,1.13,2.48
2013.03.05 17:00:14.602,1.05334,1.05352,1.13,1.73
2013.03.05 17:00:14.722,1.05329,1.05346,1.13,1.50
2013.03.05 17:00:15.266,1.05326,1.05346,1.88,1.50
2013.03.05 17:00:16.981,1.05326,1.05346,1.88,1.73
2013.03.05 17:00:17.582,1.05326,1.05345,1.88,1.73
2013.03.05 17:00:17.942,1.05324,1.05343,1.50,1.63
2013.03.05 17:00:18.002,1.05324,1.05344,1.50,1.73
2013.03.05 17:00:18.521,1.05324,1.05345,1.50,1.35
2013.03.05 17:00:21.861,1.05325,1.05345,1.13,1.35
2013.03.05 17:00:21.981,1.0532,1.05338,1.13,1.73
2013.03.05 17:00:22.282,1.05316,1.05338,1.88,2.10
2013.03.05 17:00:22.903,1.05316,1.05334,1.13,1.50
2013.03.05 17:00:23.356,1.05317,1.05334,1.50,2.38
2013.03.05 17:00:23.483,1.05317,1.05334,1.50,1.73
2013.03.05 17:00:24.073,1.05328,1.05339,1.50,1.50
2013.03.05 17:00:24.256,1.05328,1.05347,1.13,1.35
2013.03.05 17:00:24.802,1.05332,1.05349,1.13,1.50
2013.03.05 17:00:26.522,1.05334,1.05349,1.13,1.50
2013.03.05 17:00:26.652,1.05335,1.05353,1.13,1.73
2013.03.05 17:00:27.072,1.05339,1.05359,1.50,2.78
2013.03.05 17:00:27.256,1.0534,1.05359,1.50,1.28
2013.03.05 17:00:27.868,1.05341,1.05359,1.50,1.35
2013.03.05 17:00:30.413,1.05341,1.05359,1.13,1.35
2013.03.05 17:00:30.472,1.05338,1.05358,1.13,1.73
2013.03.05 17:00:30.536,1.05338,1.05358,1.13,1.73
2013.03.05 17:00:30.843,1.05336,1.05357,1.88,1.35
2013.03.05 17:00:33.332,1.05334,1.05353,1.13,1.73
2013.03.05 17:00:35.823,1.05334,1.05353,1.13,1.73
2013.03.05 17:00:36.003,1.0533,1.0535,1.13,1.73
2013.03.05 17:00:36.062,1.0533,1.0535,1.13,1.73
2013.03.05 17:00:36.245,1.05329,1.05349,1.13,1.73
2013.03.05 17:00:36.442,1.05329,1.05349,1.13,1.35
2013.03.05 17:00:40.472,1.05328,1.05348,1.13,1.35
2013.03.05 17:00:40.774,1.0533,1.05348,2.25,1.35
2013.03.05 17:00:41.408,1.05333,1.05352,1.50,1.35
2013.03.05 17:00:42.063,1.05334,1.05354,1.13,2.52
2013.03.05 17:00:42.612,1.05334,1.0535,1.13,1.48
2013.03.05 17:00:42.792,1.0533,1.0535,1.13,1.48
2013.03.05 17:00:44.365,1.05329,1.05349,1.13,1.35
2013.03.05 17:00:45.281,1.05328,1.05348,1.13,1.50
2013.03.05 17:00:47.879,1.05326,1.05347,2.63,1.13
2013.03.05 17:00:47.962,1.05327,1.05347,1.13,1.13
2013.03.05 17:00:48.032,1.05327,1.05348,1.88,1.88
2013.03.05 17:00:48.212,1.0533,1.0535,1.13,2.10
2013.03.05 17:00:48.572,1.05336,1.05354,1.13,1.50
2013.03.05 17:00:49.522,1.05334,1.05353,2.10,1.50
2013.03.05 17:00:49.582,1.05334,1.05353,2.10,1.50
2013.03.05 17:00:49.762,1.05332,1.05353,1.13,1.88
2013.03.05 17:00:51.552,1.05332,1.05353,1.13,1.13
2013.03.05 17:00:51.832,1.05335,1.05354,1.13,1.50
2013.03.05 17:00:53.762,1.05335,1.05355,1.13,1.50
2013.03.05 17:00:54.353,1.05336,1.05356,1.13,1.13
2013.03.05 17:00:54.943,1.05335,1.05356,1.88,1.88
2013.03.05 17:00:55.462,1.05337,1.05358,1.13,1.50
2013.03.05 17:00:59.252,1.05336,1.05357,1.88,1.50
2013.03.05 17:00:59.763,1.05336,1.05357,1.13,1.50
2013.03.05 17:01:00.314,1.05337,1.05358,2.48,1.13
2013.03.05 17:01:01.704,1.05341,1.05361,2.10,1.50
2013.03.05 17:01:01.893,1.05342,1.05362,2.63,1.35
2013.03.05 17:01:02.132,1.05343,1.05363,1.13,1.73
2013.03.05 17:01:02.192,1.05343,1.05363,1.88,1.73
2013.03.05 17:01:03.171,1.05345,1.05365,1.50,1.13
2013.03.05 17:01:03.471,1.05346,1.05366,1.88,2.25
2013.03.05 17:01:04.362,1.05347,1.05366,1.13,1.50
2013.03.05 17:01:04.657,1.05346,1.05366,1.88,2.25
2013.03.05 17:01:06.441,1.05347,1.05366,1.88,1.50
2013.03.05 17:01:06.672,1.05348,1.05366,2.25,1.50
2013.03.05 17:01:07.032,1.05348,1.05366,1.50,1.50
2013.03.05 17:01:07.213,1.0535,1.05366,1.88,1.50
2013.03.05 17:01:07.512,1.05351,1.05372,1.50,1.88
2013.03.05 17:01:07.633,1.05352,1.05374,1.88,2.63
2013.03.05 17:01:07.692,1.05353,1.05374,1.35,2.63
2013.03.05 17:01:07.993,1.05359,1.05378,1.73,1.13
2013.03.05 17:01:10.562,1.05359,1.05378,1.35,1.50
2013.03.05 17:01:10.622,1.05358,1.05375,1.13,1.50
2013.03.05 17:01:10.682,1.05357,1.05372,1.73,1.13
2013.03.05 17:01:11.663,1.05354,1.05373,1.73,1.88
2013.03.05 17:01:11.875,1.05354,1.0537,1.73,1.13
2013.03.05 17:01:12.062,1.05348,1.05367,2.85,1.50
2013.03.05 17:01:12.121,1.05348,1.05369,2.85,2.63
2013.03.05 17:01:12.183,1.05349,1.05369,1.35,1.88
2013.03.05 17:01:12.536,1.05352,1.05372,1.35,1.88
2013.03.05 17:01:12.692,1.05352,1.05372,1.13,1.88
2013.03.05 17:01:17.863,1.05352,1.05372,1.35,1.73
2013.03.05 17:01:18.222,1.05349,1.0537,1.50,1.35
2013.03.05 17:01:45.361,1.05347,1.05369,1.88,1.50
2013.03.05 17:01:45.602,1.05348,1.05368,1.50,1.13
2013.03.05 17:01:47.581,1.05347,1.05368,1.88,1.13
2013.03.05 17:01:47.922,1.05348,1.05368,1.50,1.13
2013.03.05 17:01:50.064,1.05347,1.05365,1.50,1.13
2013.03.05 17:01:50.184,1.05347,1.05364,1.50,1.13
2013.03.05 17:01:50.703,1.0535,1.05364,1.50,1.35
2013.03.05 17:01:51.413,1.0535,1.05364,1.50,1.13
2013.03.05 17:01:53.663,1.05349,1.05366,1.50,1.13
2013.03.05 17:01:53.902,1.05347,1.05366,1.50,1.13
2013.03.05 17:01:54.500,1.05347,1.05367,1.50,1.13
2013.03.05 17:02:00.033,1.05354,1.05367,1.50,1.13
2013.03.05 17:02:00.289,1.05354,1.05373,1.50,1.35
2013.03.05 17:02:10.772,1.05353,1.05373,1.88,1.35
2013.03.05 17:02:11.232,1.05353,1.05371,1.50,1.88
2013.03.05 17:02:11.492,1.05351,1.05371,1.50,2.85
2013.03.05 17:02:12.101,1.0535,1.05369,1.88,1.13
2013.03.05 17:02:14.009,1.05349,1.05369,1.50,1.13
2013.03.05 17:02:20.535,1.0535,1.0537,1.50,1.35
2013.03.05 17:02:20.603,1.05352,1.0537,1.50,1.35
2013.03.05 17:02:20.663,1.05354,1.0537,1.50,1.13
2013.03.05 17:02:25.829,1.05351,1.05372,3.23,1.13
2013.03.05 17:02:25.896,1.0535,1.05364,1.50,1.13
2013.03.05 17:02:28.592,1.05349,1.05364,1.50,1.35
2013.03.05 17:02:29.209,1.05347,1.05364,1.50,1.35
2013.03.05 17:02:35.204,1.05347,1.05358,1.50,1.50
2013.03.05 17:02:38.072,1.05343,1.05358,1.13,1.50
2013.03.05 17:02:38.192,1.05343,1.05358,1.88,1.50
2013.03.05 17:02:38.312,1.05342,1.05358,1.88,1.50
2013.03.05 17:02:43.922,1.05342,1.05361,2.63,1.50
2013.03.05 17:02:43.982,1.05345,1.05363,1.35,1.50
2013.03.05 17:02:44.553,1.05346,1.05363,1.88,1.50
2013.03.05 17:02:44.672,1.05346,1.05363,1.13,1.50
2013.03.05 17:02:53.312,1.05343,1.05363,1.35,1.50
2013.03.05 17:03:00.964,1.05344,1.05363,1.35,1.50
2013.03.05 17:03:02.504,1.05345,1.05363,2.10,1.50
2013.03.05 17:03:03.033,1.05345,1.05363,2.10,1.50
2013.03.05 17:03:03.568,1.05346,1.05363,1.50,1.50
2013.03.05 17:03:07.132,1.05345,1.05363,1.73,2.63
2013.03.05 17:03:07.682,1.05343,1.05363,1.73,2.63
2013.03.05 17:03:13.897,1.05343,1.05363,1.35,1.50
2013.03.05 17:03:16.192,1.05343,1.05363,1.35,1.88
2013.03.05 17:03:16.312,1.05344,1.05363,1.73,1.88
2013.03.05 17:03:17.172,1.05343,1.05363,1.35,1.88
2013.03.05 17:03:18.430,1.05346,1.05363,1.50,1.88
2013.03.05 17:03:18.683,1.05343,1.05363,1.35,1.88
2013.03.05 17:03:20.143,1.05344,1.0536,2.10,1.50
2013.03.05 17:03:20.414,1.05342,1.05358,1.13,1.50
2013.03.05 17:03:20.473,1.0534,1.05356,1.50,1.35
2013.03.05 17:03:20.845,1.0534,1.05349,1.50,1.50
2013.03.05 17:03:21.148,1.05339,1.05349,1.50,2.25
2013.03.05 17:03:33.221,1.05335,1.05349,1.88,1.73
2013.03.05 17:03:33.463,1.05338,1.05349,1.50,2.48
2013.03.05 17:03:38.452,1.05338,1.05354,1.50,1.73
2013.03.05 17:03:38.513,1.05338,1.05354,1.50,1.50
2013.03.05 17:03:40.372,1.05339,1.05355,1.50,1.50
2013.03.05 17:03:40.732,1.05342,1.05358,1.50,1.73
2013.03.05 17:03:41.032,1.05344,1.05362,2.63,1.35
2013.03.05 17:03:41.822,1.05345,1.05363,1.13,1.73
2013.03.05 17:03:43.672,1.05344,1.05359,1.88,2.48
2013.03.05 17:03:44.222,1.05344,1.05359,1.88,2.48
2013.03.05 17:03:44.543,1.05341,1.05353,1.50,1.50
2013.03.05 17:03:46.032,1.05341,1.05352,1.50,1.50
2013.03.05 17:03:46.273,1.05339,1.05349,1.50,1.73
2013.03.05 17:03:46.454,1.05339,1.05353,1.50,1.50
2013.03.05 17:03:46.632,1.05339,1.05351,1.50,1.73
2013.03.05 17:03:47.224,1.05339,1.05349,1.50,1.73
2013.03.05 17:03:47.622,1.05339,1.05352,1.50,1.50
2013.03.05 17:03:49.132,1.0534,1.05355,1.50,1.50
2013.03.05 17:03:49.254,1.05341,1.05359,1.50,2.63
2013.03.05 17:03:49.312,1.05342,1.05359,1.50,2.25
2013.03.05 17:03:56.215,1.05345,1.05359,1.50,2.25
2013.03.05 17:03:57.222,1.05342,1.05359,1.50,2.25
2013.03.05 17:03:57.482,1.05341,1.05359,1.13,2.25
2013.03.05 17:03:59.832,1.05341,1.05359,1.88,2.25
2013.03.05 17:04:00.133,1.0534,1.05353,1.88,1.50
2013.03.05 17:04:00.673,1.05338,1.05353,1.88,1.50
2013.03.05 17:04:00.830,1.05338,1.05353,1.13,1.50
2013.03.05 17:04:01.423,1.05338,1.05353,1.13,1.50
2013.03.05 17:04:01.663,1.05337,1.05353,1.50,1.50
2013.03.05 17:04:01.725,1.05337,1.05353,1.13,1.50
2013.03.05 17:04:02.245,1.05336,1.05353,1.13,1.50
2013.03.05 17:04:03.743,1.05337,1.05353,1.13,1.50
2013.03.05 17:04:03.922,1.05337,1.0535,1.13,1.73
2013.03.05 17:04:04.352,1.05334,1.05348,1.13,1.50
2013.03.05 17:04:05.123,1.05333,1.05348,1.13,1.50
2013.03.05 17:04:05.633,1.05331,1.05348,1.88,1.50
2013.03.05 17:04:06.244,1.05333,1.05348,1.88,1.50
2013.03.05 17:04:06.964,1.05332,1.05353,1.88,2.25
2013.03.05 17:04:07.483,1.05332,1.05353,2.63,1.50
2013.03.05 17:04:07.963,1.05336,1.05349,1.13,1.73
2013.03.05 17:04:08.302,1.05338,1.05349,1.50,1.73
2013.03.05 17:04:10.515,1.05338,1.05349,1.50,1.73
2013.03.05 17:04:12.524,1.05338,1.05349,1.50,1.73
2013.03.05 17:04:13.065,1.05338,1.05353,1.50,1.50
2013.03.05 17:04:14.453,1.05337,1.05353,1.13,1.50
2013.03.05 17:04:14.993,1.05336,1.05353,1.13,1.50
2013.03.05 17:04:15.932,1.05335,1.05353,1.13,1.50
2013.03.05 17:04:16.114,1.05335,1.05352,1.13,1.50
2013.03.05 17:04:16.233,1.05333,1.05352,1.13,1.73
2013.03.05 17:04:17.318,1.05333,1.05353,1.13,2.48
2013.03.05 17:04:17.443,1.05333,1.05353,1.13,2.25
2013.03.05 17:04:20.000,1.05334,1.05353,1.13,2.25
2013.03.05 17:04:20.924,1.05336,1.05353,1.13,2.25
2013.03.05 17:04:22.602,1.05336,1.05353,1.13,1.73
2013.03.05 17:04:23.187,1.05336,1.05348,1.13,1.50
2013.03.05 17:04:23.714,1.05335,1.05348,1.13,1.50
2013.03.05 17:04:23.953,1.05336,1.05348,1.50,1.50
2013.03.05 17:04:24.073,1.05334,1.05348,1.88,1.50
2013.03.05 17:04:24.492,1.05335,1.05348,1.88,1.50
2013.03.05 17:04:25.152,1.05335,1.05348,1.13,1.50
2013.03.05 17:04:28.193,1.05335,1.05348,1.88,1.50
2013.03.05 17:04:28.312,1.05335,1.05348,1.13,1.50
2013.03.05 17:04:30.067,1.05334,1.05348,1.13,1.50
2013.03.05 17:04:30.612,1.05334,1.05352,1.13,1.73
2013.03.05 17:04:30.852,1.05334,1.05352,1.13,1.50
2013.03.05 17:04:31.572,1.05335,1.05354,1.13,1.50
2013.03.05 17:04:34.062,1.05334,1.05354,1.88,1.50
2013.03.05 17:04:41.805,1.05335,1.05354,1.13,1.50
2013.03.05 17:04:41.874,1.05336,1.05355,1.35,1.50
2013.03.05 17:04:42.506,1.0534,1.05358,1.13,1.50
2013.03.05 17:04:43.764,1.05338,1.05357,1.13,1.73
2013.03.05 17:04:43.835,1.05337,1.05355,1.13,1.50
2013.03.05 17:04:44.296,1.05333,1.05354,1.13,1.50
2013.03.05 17:04:45.232,1.05334,1.05355,1.13,2.25
2013.03.05 17:04:45.352,1.05334,1.05355,1.13,1.50
2013.03.05 17:04:45.712,1.05341,1.05354,1.13,1.50
2013.03.05 17:04:46.133,1.05342,1.05358,1.13,1.50
2013.03.05 17:04:54.862,1.0534,1.05361,1.50,2.10
2013.03.05 17:04:55.103,1.05342,1.05363,1.13,2.25
2013.03.05 17:04:55.872,1.05341,1.05359,2.10,1.50
2013.03.05 17:04:57.808,1.05342,1.05363,1.13,1.73
2013.03.05 17:04:57.932,1.05342,1.05364,2.10,3.00
2013.03.05 17:04:58.112,1.05344,1.05363,1.35,1.50
2013.03.05 17:04:58.293,1.05342,1.05363,2.25,2.48
2013.03.05 17:04:58.903,1.05342,1.05359,1.13,1.50
2013.03.05 17:05:00.596,1.05341,1.05359,1.13,2.25
2013.03.05 17:05:00.902,1.05338,1.05355,1.88,1.73
2013.03.05 17:05:01.433,1.05339,1.05355,1.13,1.73
2013.03.05 17:05:01.547,1.05339,1.05359,1.13,2.48
2013.03.05 17:05:01.793,1.05339,1.05359,1.13,1.50
2013.03.05 17:05:03.482,1.05341,1.05359,1.13,1.50
2013.03.05 17:05:06.555,1.0534,1.05359,1.88,1.50
2013.03.05 17:05:12.372,1.05341,1.05361,1.13,1.50
2013.03.05 17:05:12.493,1.05341,1.05363,2.10,1.88
2013.03.05 17:05:12.552,1.05341,1.05362,1.35,1.50
2013.03.05 17:05:12.672,1.05343,1.05362,1.13,1.73
2013.03.05 17:05:16.203,1.0534,1.05359,1.13,1.50
2013.03.05 17:05:29.957,1.05341,1.05359,1.13,1.50
2013.03.05 17:05:37.854,1.05341,1.05359,1.13,1.50
2013.03.05 17:05:38.432,1.0534,1.05354,1.13,1.50
2013.03.05 17:05:39.082,1.0534,1.05358,1.88,1.73
2013.03.05 17:05:39.333,1.0534,1.05358,1.88,1.50
2013.03.05 17:05:42.382,1.0534,1.05358,1.13,1.50
2013.03.05 17:05:42.623,1.05337,1.05354,1.50,2.25
2013.03.05 17:05:42.906,1.05337,1.05354,1.50,1.50
2013.03.05 17:05:43.844,1.05339,1.05354,3.00,1.50
2013.03.05 17:05:44.394,1.05345,1.05364,1.88,2.63
2013.03.05 17:05:44.752,1.05349,1.05364,1.13,1.65
2013.03.05 17:05:45.373,1.05349,1.05363,1.13,1.50
2013.03.05 17:05:46.872,1.05349,1.05363,1.13,1.50
2013.03.05 17:05:47.053,1.05344,1.05359,1.88,1.50
2013.03.05 17:06:00.702,1.05343,1.05359,1.13,1.50
2013.03.05 17:06:01.283,1.05342,1.05359,1.13,1.50
2013.03.05 17:06:07.556,1.05342,1.05358,1.13,1.50
2013.03.05 17:06:07.743,1.0534,1.05354,1.13,1.50
2013.03.05 17:06:10.910,1.05341,1.05354,1.13,1.50
2013.03.05 17:06:11.943,1.05342,1.05354,1.13,1.50
2013.03.05 17:06:12.063,1.0534,1.05354,1.50,1.50
2013.03.05 17:06:12.638,1.05338,1.05354,1.50,1.50
2013.03.05 17:06:12.942,1.05338,1.05354,1.50,1.50
2013.03.05 17:06:14.365,1.05336,1.05354,1.13,2.25
2013.03.05 17:06:14.483,1.05336,1.05354,1.13,2.25
2013.03.05 17:06:16.514,1.05336,1.05353,1.13,1.50
2013.03.05 17:06:17.282,1.05338,1.05353,1.13,1.50
2013.03.05 17:06:18.110,1.05342,1.05359,3.75,1.13
2013.03.05 17:06:18.184,1.05345,1.05363,1.13,1.73
2013.03.05 17:06:30.193,1.05346,1.05363,1.13,2.25
2013.03.05 17:06:32.984,1.05345,1.05363,1.13,2.25
2013.03.05 17:06:35.491,1.05344,1.05363,1.13,1.50
2013.03.05 17:06:38.303,1.05345,1.05363,1.13,1.50
2013.03.05 17:06:40.882,1.05345,1.0536,1.13,1.73
2013.03.05 17:06:41.194,1.05345,1.05359,1.13,1.50
2013.03.05 17:06:41.644,1.05343,1.05359,1.13,1.50
2013.03.05 17:06:41.883,1.05342,1.05354,1.88,1.50
2013.03.05 17:06:42.242,1.05339,1.05354,1.13,2.25
2013.03.05 17:06:43.333,1.05339,1.05354,1.13,1.50
2013.03.05 17:06:49.474,1.05339,1.05359,1.28,2.10
2013.03.05 17:06:49.833,1.05341,1.05359,2.03,1.50
2013.03.05 17:06:50.155,1.05337,1.05357,1.28,2.63
2013.03.05 17:06:50.514,1.05334,1.05352,1.28,1.73
2013.03.05 17:06:50.633,1.05332,1.05351,1.58,1.35
2013.03.05 17:06:51.232,1.05332,1.05348,1.58,1.50
2013.03.05 17:06:52.234,1.05332,1.05348,1.13,1.50
2013.03.05 17:06:56.025,1.05332,1.05346,1.13,1.50
2013.03.05 17:06:56.152,1.05331,1.05346,2.03,1.50
2013.03.05 17:06:56.542,1.05329,1.05349,1.13,1.50
2013.03.05 17:06:56.602,1.0533,1.05349,1.50,1.50
2013.03.05 17:07:00.923,1.05331,1.05349,1.13,1.50
2013.03.05 17:07:05.464,1.05332,1.05349,1.13,1.50
2013.03.05 17:07:05.823,1.05334,1.05352,1.50,1.73
2013.03.05 17:07:05.884,1.05336,1.05354,1.50,1.88
2013.03.05 17:07:06.063,1.05336,1.05354,1.50,1.88
2013.03.05 17:07:06.183,1.05333,1.05348,1.13,1.50
2013.03.05 17:07:06.243,1.05334,1.05348,1.13,1.50
2013.03.05 17:07:06.598,1.05332,1.05348,2.25,1.50
2013.03.05 17:07:10.514,1.05331,1.05348,2.25,1.50
2013.03.05 17:07:10.935,1.05332,1.05348,1.88,1.50
2013.03.05 17:07:18.155,1.05331,1.05348,1.88,1.50
2013.03.05 17:07:18.674,1.05331,1.05348,1.13,1.50
2013.03.05 17:07:29.196,1.05331,1.05348,1.88,1.50
2013.03.05 17:07:33.204,1.05331,1.05345,1.13,1.50
2013.03.05 17:07:33.263,1.05329,1.05345,2.48,1.50
2013.03.05 17:07:33.383,1.05329,1.05343,2.25,1.50
2013.03.05 17:07:48.608,1.0533,1.05343,1.35,1.50
2013.03.05 17:07:48.912,1.05332,1.05349,1.50,2.25
2013.03.05 17:07:48.974,1.05333,1.05349,1.88,2.25
2013.03.05 17:07:49.512,1.05333,1.05349,1.35,2.25
2013.03.05 17:07:50.143,1.05333,1.05344,1.13,1.50
2013.03.05 17:07:50.204,1.05332,1.05343,1.13,1.50
2013.03.05 17:07:50.323,1.0533,1.05343,1.50,1.50
2013.03.05 17:07:53.352,1.05328,1.05343,1.73,1.50
2013.03.05 17:08:02.753,1.05325,1.05343,2.48,1.50
2013.03.05 17:08:02.814,1.05325,1.05343,2.48,1.50
2013.03.05 17:08:02.873,1.05326,1.05343,1.35,1.50
2013.03.05 17:08:03.233,1.05325,1.05343,2.18,1.50
2013.03.05 17:08:03.365,1.05325,1.05339,2.18,1.50
2013.03.05 17:08:03.810,1.05327,1.05343,1.35,1.50
2013.03.05 17:08:03.883,1.05327,1.05343,1.35,1.50
2013.03.05 17:08:04.302,1.05327,1.05344,1.13,3.15
2013.03.05 17:08:04.363,1.05327,1.05344,1.13,1.88
2013.03.05 17:08:04.613,1.05327,1.05343,1.35,1.50
2013.03.05 17:08:04.792,1.05325,1.05339,1.73,2.25
2013.03.05 17:08:07.039,1.05324,1.05339,1.35,2.25
2013.03.05 17:08:07.673,1.05324,1.05342,2.10,1.50
2013.03.05 17:08:09.953,1.05322,1.05338,1.35,2.25
2013.03.05 17:08:10.012,1.05322,1.05338,1.35,2.25
2013.03.05 17:08:50.888,1.05318,1.05338,2.10,2.25
2013.03.05 17:09:12.163,1.0532,1.05341,1.35,1.13
2013.03.05 17:09:20.214,1.05318,1.05339,2.10,1.13
2013.03.05 17:09:23.214,1.05318,1.0534,2.10,1.13
2013.03.05 17:09:26.909,1.05326,1.05342,1.50,1.13
2013.03.05 17:09:26.989,1.05329,1.05349,1.35,1.50
2013.03.05 17:09:27.095,1.05329,1.05351,1.35,2.25
2013.03.05 17:09:27.463,1.05329,1.05351,2.10,2.25
2013.03.05 17:09:28.221,1.05331,1.05351,1.50,1.13
2013.03.05 17:09:29.083,1.0533,1.0535,1.50,1.50
2013.03.05 17:09:29.896,1.05329,1.0535,2.10,1.50
2013.03.05 17:09:30.232,1.05331,1.0535,1.13,1.50
2013.03.05 17:09:36.565,1.0533,1.0535,1.13,1.88
2013.03.05 17:09:40.003,1.0533,1.0535,1.13,2.10
2013.03.05 17:09:42.500,1.05329,1.0535,2.85,1.88
2013.03.05 17:09:43.776,1.05329,1.05349,1.73,1.88
2013.03.05 17:09:47.342,1.05329,1.05348,1.73,1.13
2013.03.05 17:09:55.102,1.05329,1.05349,2.10,1.13
2013.03.05 17:10:01.664,1.05327,1.05348,1.88,1.73
2013.03.05 17:10:01.972,1.05327,1.05349,1.88,1.35
2013.03.05 17:10:04.542,1.0533,1.05349,1.50,1.35
2013.03.05 17:10:06.533,1.05327,1.05349,1.88,1.35
2013.03.05 17:10:06.652,1.05329,1.0535,1.13,1.73
2013.03.05 17:10:06.713,1.05329,1.0535,1.35,1.50
2013.03.05 17:10:08.435,1.05329,1.05351,2.10,1.88
2013.03.05 17:10:09.382,1.0533,1.05352,1.50,1.88
2013.03.05 17:10:09.702,1.0533,1.05352,1.88,1.50
2013.03.05 17:10:10.056,1.05328,1.05347,1.13,1.50
2013.03.05 17:10:22.483,1.05327,1.05347,1.13,1.50
2013.03.05 17:10:24.804,1.05326,1.05346,1.13,1.13
2013.03.05 17:10:24.923,1.05325,1.05344,1.13,1.73
2013.03.05 17:10:25.862,1.05326,1.05346,1.13,2.10
2013.03.05 17:10:25.923,1.05326,1.05346,1.88,1.88
2013.03.05 17:10:25.984,1.05327,1.05346,1.50,1.13
2013.03.05 17:10:28.713,1.05328,1.05349,1.13,1.73
2013.03.05 17:10:30.602,1.05328,1.05349,1.13,1.73
2013.03.05 17:10:30.726,1.05328,1.05349,1.88,1.73
2013.03.05 17:10:31.293,1.0533,1.05349,1.13,1.50
2013.03.05 17:10:35.713,1.0533,1.05348,1.13,1.50
2013.03.05 17:10:35.953,1.05327,1.0535,2.63,2.10
2013.03.05 17:10:37.517,1.05327,1.05349,1.88,1.35
2013.03.05 17:10:39.602,1.05327,1.05349,1.88,1.35
2013.03.05 17:10:39.662,1.05331,1.05349,1.50,1.35
2013.03.05 17:10:39.844,1.0533,1.05347,1.35,1.50
2013.03.05 17:10:40.023,1.05329,1.0535,1.13,2.10
2013.03.05 17:10:41.673,1.05327,1.05348,2.25,1.35
2013.03.05 17:10:44.472,1.05327,1.05348,3.38,1.35
2013.03.05 17:10:54.773,1.05328,1.05349,1.13,2.10
2013.03.05 17:10:55.645,1.05328,1.05349,1.35,1.88
2013.03.05 17:11:00.644,1.05328,1.05349,1.35,1.88
2013.03.05 17:11:00.764,1.05332,1.05352,2.10,1.13
2013.03.05 17:11:06.575,1.05334,1.05355,1.73,1.13
2013.03.05 17:11:06.813,1.05336,1.05355,1.73,1.13
2013.03.05 17:11:10.364,1.05335,1.05355,1.35,1.13
2013.03.05 17:11:10.544,1.05332,1.05352,1.35,1.88
2013.03.05 17:11:38.564,1.05332,1.05352,1.73,1.88
2013.03.05 17:11:38.803,1.0533,1.0535,1.35,1.50
2013.03.05 17:11:58.404,1.05326,1.05346,1.73,1.50
2013.03.05 17:11:58.465,1.05326,1.05346,1.73,1.50
2013.03.05 17:11:58.593,1.05325,1.05346,1.35,1.50
2013.03.05 17:11:58.775,1.05327,1.05347,2.10,1.50
2013.03.05 17:12:32.574,1.05332,1.05348,1.73,1.13
2013.03.05 17:12:32.753,1.05332,1.05348,1.73,1.88
2013.03.05 17:12:32.873,1.05332,1.05348,1.73,1.88
2013.03.05 17:12:32.933,1.05328,1.05348,1.35,1.88
2013.03.05 17:12:37.564,1.05328,1.05347,1.73,1.13
2013.03.05 17:12:37.763,1.05331,1.05347,1.73,1.13
2013.03.05 17:12:37.943,1.05327,1.05347,2.10,1.88
2013.03.05 17:12:43.373,1.05328,1.05344,1.65,1.13
2013.03.05 17:12:44.317,1.05326,1.05346,1.73,1.13
2013.03.05 17:13:13.883,1.05328,1.05349,2.85,1.50
2013.03.05 17:13:14.003,1.05332,1.05349,1.35,1.50
2013.03.05 17:13:36.794,1.05333,1.0535,1.26,1.13
2013.03.05 17:13:37.158,1.05331,1.05349,1.73,1.13
2013.03.05 17:13:43.602,1.05331,1.05351,2.48,1.13
2013.03.05 17:13:43.755,1.05331,1.05353,3.60,1.50
2013.03.05 17:13:43.815,1.05332,1.05353,1.41,1.50
2013.03.05 17:13:44.432,1.05337,1.05355,1.73,1.13
2013.03.05 17:13:53.073,1.05335,1.05354,1.35,1.50
2013.03.05 17:13:53.438,1.05333,1.05354,1.73,1.13
2013.03.05 17:13:55.343,1.05336,1.05355,1.73,1.13
2013.03.05 17:13:55.563,1.05336,1.05355,1.73,1.13
2013.03.05 17:14:00.633,1.05335,1.05356,2.10,1.50
2013.03.05 17:14:00.753,1.05332,1.05353,1.73,1.13
2013.03.05 17:14:02.384,1.05334,1.05352,1.73,1.13
2013.03.05 17:14:02.502,1.05334,1.05353,1.73,1.13
2013.03.05 17:14:04.075,1.05333,1.05353,1.75,1.50
2013.03.05 17:14:05.383,1.05334,1.05355,1.73,1.13
2013.03.05 17:14:05.883,1.05334,1.05354,1.35,1.88
2013.03.05 17:14:05.943,1.05332,1.05352,1.73,1.13
2013.03.05 17:14:06.342,1.05331,1.05351,2.10,1.13
2013.03.05 17:14:26.873,1.05334,1.05354,1.73,1.88
2013.03.05 17:14:26.994,1.05334,1.05353,1.35,1.50
2013.03.05 17:14:27.357,1.05333,1.05352,1.54,1.50
2013.03.05 17:14:27.483,1.05333,1.05353,1.54,1.88
2013.03.05 17:14:28.044,1.05333,1.05353,1.54,2.63
2013.03.05 17:14:28.114,1.05331,1.05349,1.73,1.13
2013.03.05 17:14:34.835,1.05329,1.05349,1.35,2.63
2013.03.05 17:14:34.955,1.05326,1.05345,2.48,1.13
2013.03.05 17:14:42.612,1.05329,1.05348,1.73,1.88
2013.03.05 17:14:42.673,1.05329,1.05349,2.10,1.13
2013.03.05 17:14:45.344,1.05329,1.05349,1.73,1.13
2013.03.05 17:14:45.524,1.05329,1.05349,1.73,1.13
2013.03.05 17:14:46.047,1.05332,1.05349,1.73,1.13
2013.03.05 17:14:51.674,1.05331,1.05351,1.73,1.13
2013.03.05 17:14:51.793,1.05329,1.05348,1.73,1.13
2013.03.05 17:14:55.813,1.05331,1.05349,1.73,1.88
2013.03.05 17:14:55.874,1.05331,1.05349,1.73,1.88
2013.03.05 17:14:56.414,1.05331,1.05351,1.73,1.13
2013.03.05 17:14:59.543,1.05331,1.05351,1.73,1.13
2013.03.05 17:14:59.603,1.05331,1.05351,1.73,1.13
2013.03.05 17:15:00.134,1.05328,1.0535,2.85,1.13
2013.03.05 17:15:00.373,1.05331,1.0535,1.73,1.13
2013.03.05 17:15:01.133,1.05328,1.0535,1.35,1.88
2013.03.05 17:15:01.256,1.05327,1.05348,2.48,1.13
2013.03.05 17:15:05.052,1.05327,1.05349,2.10,1.88
2013.03.05 17:15:05.203,1.05327,1.05349,3.98,1.88
2013.03.05 17:15:06.027,1.05329,1.05348,1.73,1.13
2013.03.05 17:15:06.334,1.05328,1.05346,1.35,1.50
2013.03.05 17:15:08.668,1.05328,1.05348,1.73,1.13
2013.03.05 17:15:13.623,1.05328,1.05346,1.73,1.13
2013.03.05 17:15:14.093,1.05327,1.05346,1.73,1.88
2013.03.05 17:15:14.274,1.05328,1.05346,1.73,1.13
2013.03.05 17:15:14.333,1.05328,1.05346,1.73,1.13
2013.03.05 17:15:14.396,1.05329,1.05347,1.73,1.13
2013.03.05 17:15:14.755,1.05335,1.05352,1.73,1.13
2013.03.05 17:15:14.888,1.05334,1.05353,1.73,1.13
2013.03.05 17:15:16.765,1.05335,1.05356,2.10,1.88
2013.03.05 17:15:20.843,1.05337,1.05354,1.73,1.50
2013.03.05 17:15:20.904,1.05335,1.05349,1.35,1.13
2013.03.05 17:15:30.439,1.05328,1.05345,2.10,1.13
2013.03.05 17:15:35.305,1.05328,1.05343,1.35,1.88
2013.03.05 17:15:35.544,1.05327,1.05343,1.35,1.13
2013.03.05 17:15:36.259,1.05328,1.05343,1.35,1.13
2013.03.05 17:15:36.614,1.05327,1.05343,1.35,1.13
2013.03.05 17:15:36.734,1.05329,1.05346,1.73,1.88
2013.03.05 17:15:37.053,1.05329,1.05346,1.73,1.13
2013.03.05 17:15:43.113,1.05327,1.05345,1.73,1.88
2013.03.05 17:15:43.233,1.05327,1.05343,1.50,1.13
2013.03.05 17:15:56.304,1.05322,1.05341,2.48,1.13
2013.03.05 17:15:56.424,1.05326,1.05341,1.50,1.13
2013.03.05 17:15:56.485,1.05326,1.05344,2.25,1.88
2013.03.05 17:16:03.663,1.0533,1.05345,1.50,1.13
2013.03.05 17:16:04.874,1.05326,1.05343,1.73,1.50
2013.03.05 17:16:04.994,1.05324,1.05343,1.13,1.50
2013.03.05 17:16:05.721,1.05324,1.05339,1.13,1.50
2013.03.05 17:16:06.391,1.05323,1.05339,1.13,1.50
2013.03.05 17:16:17.642,1.05321,1.05341,2.10,1.13
2013.03.05 17:16:41.614,1.05321,1.05342,1.73,1.13
2013.03.05 17:16:42.853,1.05321,1.05342,1.73,1.88
2013.03.05 17:16:43.033,1.05317,1.05337,2.10,1.13
2013.03.05 17:16:43.709,1.05318,1.05337,1.50,1.13
2013.03.05 17:16:44.260,1.05318,1.05337,1.50,1.13
2013.03.05 17:16:50.525,1.05318,1.05334,1.50,1.13
2013.03.05 17:16:56.472,1.05317,1.05334,1.73,1.13
2013.03.05 17:16:57.412,1.05316,1.05334,1.35,1.13
2013.03.05 17:17:11.295,1.05316,1.05335,1.35,1.13
2013.03.05 17:17:11.553,1.05316,1.05336,1.35,1.88
2013.03.05 17:17:11.793,1.05317,1.05339,1.73,3.38
2013.03.05 17:17:13.117,1.05317,1.05339,1.73,2.63
2013.03.05 17:17:13.304,1.05316,1.05335,2.18,1.50
2013.03.05 17:17:14.204,1.05315,1.05334,2.48,1.50
2013.03.05 17:17:16.924,1.05316,1.05336,1.73,1.13
2013.03.05 17:17:16.983,1.05316,1.05336,1.35,1.13
2013.03.05 17:17:19.163,1.05316,1.05335,2.10,1.13
2013.03.05 17:17:19.874,1.05316,1.05334,2.10,1.50
2013.03.05 17:17:19.934,1.05318,1.05335,1.73,1.13
2013.03.05 17:17:20.053,1.0532,1.0534,1.35,1.88
2013.03.05 17:17:20.233,1.0532,1.0534,1.35,1.13
2013.03.05 17:17:22.674,1.05319,1.05339,1.35,1.50
2013.03.05 17:17:22.793,1.05319,1.05339,1.35,1.50
2013.03.05 17:17:23.860,1.05317,1.05339,1.35,1.88
2013.03.05 17:17:24.123,1.05317,1.05339,1.35,1.88
2013.03.05 17:17:26.827,1.05317,1.05339,1.35,1.88
2013.03.05 17:17:27.444,1.05317,1.05339,1.35,1.88
2013.03.05 17:17:28.256,1.05317,1.05339,1.35,1.88
2013.03.05 17:17:29.576,1.05317,1.05339,1.35,1.88
2013.03.05 17:17:32.993,1.05317,1.05339,1.35,1.88
2013.03.05 17:17:34.306,1.05318,1.05339,1.35,1.50
2013.03.05 17:17:34.615,1.05318,1.05337,1.73,1.50
2013.03.05 17:17:34.854,1.05318,1.05335,1.50,1.50
2013.03.05 17:17:35.662,1.05318,1.05335,1.50,1.50
2013.03.05 17:17:55.974,1.05316,1.05335,1.35,1.13
2013.03.05 17:18:18.533,1.05317,1.05336,1.13,1.50
2013.03.05 17:18:34.851,1.05317,1.05338,1.13,1.50
2013.03.05 17:18:38.406,1.05315,1.05336,2.63,1.13
2013.03.05 17:18:44.706,1.05315,1.05336,1.13,2.63
2013.03.05 17:18:45.532,1.05316,1.05336,1.13,1.13
2013.03.05 17:18:46.933,1.05316,1.05335,1.13,1.50
2013.03.05 17:18:47.293,1.0531,1.05329,1.28,2.25
2013.03.05 17:18:47.353,1.0531,1.05329,1.28,2.25
2013.03.05 17:18:55.593,1.05311,1.05328,1.50,1.50
2013.03.05 17:18:55.833,1.05307,1.05325,1.95,1.50
2013.03.05 17:18:57.914,1.05309,1.05328,1.50,1.50
2013.03.05 17:18:58.274,1.05313,1.05328,1.13,1.50
2013.03.05 17:18:58.648,1.05315,1.05328,1.50,1.50
2013.03.05 17:18:59.323,1.05317,1.05335,1.88,1.73
2013.03.05 17:18:59.385,1.0532,1.05335,1.13,1.50
2013.03.05 17:18:59.504,1.05321,1.0534,1.88,1.73
2013.03.05 17:19:00.345,1.05322,1.0534,1.50,1.73
2013.03.05 17:19:01.929,1.05321,1.0534,2.85,1.50
2013.03.05 17:19:06.874,1.05323,1.0534,1.13,1.50
2013.03.05 17:19:07.228,1.05322,1.05338,1.50,1.13
2013.03.05 17:19:07.307,1.05317,1.05337,1.50,2.10
2013.03.05 17:19:07.376,1.05317,1.05337,1.50,2.85
2013.03.05 17:19:07.733,1.05317,1.05333,1.50,1.73
2013.03.05 17:19:08.214,1.05317,1.05333,1.50,1.50
2013.03.05 17:19:08.709,1.05318,1.05333,1.13,1.50
2013.03.05 17:19:10.263,1.05317,1.05333,1.50,1.50
2013.03.05 17:19:18.563,1.05317,1.05335,1.13,1.88
2013.03.05 17:19:18.864,1.0532,1.05338,1.35,1.50
2013.03.05 17:19:19.104,1.0532,1.05338,1.13,2.25
2013.03.05 17:19:19.755,1.05319,1.05334,1.50,1.50
2013.03.05 17:19:23.663,1.05317,1.05335,1.13,1.50
2013.03.05 17:19:40.169,1.05321,1.05335,1.35,1.13
2013.03.05 17:19:40.234,1.05321,1.05338,1.35,1.13
2013.03.05 17:19:40.823,1.05321,1.05339,1.80,1.50
2013.03.05 17:19:41.213,1.05321,1.05339,2.18,1.50
2013.03.05 17:19:43.344,1.05321,1.05339,2.18,1.50
2013.03.05 17:19:43.705,1.0532,1.0533,1.58,1.50
2013.03.05 17:19:43.764,1.05317,1.0533,1.58,1.50
2013.03.05 17:19:43.825,1.05317,1.0533,1.13,1.50
2013.03.05 17:19:44.118,1.05316,1.05332,1.88,1.50
2013.03.05 17:19:51.054,1.05315,1.05332,1.88,1.50
2013.03.05 17:19:57.853,1.05315,1.05334,1.88,1.50
2013.03.05 17:19:57.914,1.05315,1.05335,1.88,2.25
2013.03.05 17:20:01.748,1.05314,1.05335,1.50,1.50
2013.03.05 17:20:01.947,1.05314,1.05335,1.50,1.50
2013.03.05 17:20:02.619,1.05313,1.05331,1.50,1.73
2013.03.05 17:20:04.934,1.05312,1.05331,1.50,1.73
2013.03.05 17:20:06.724,1.05311,1.05331,1.73,2.10
2013.03.05 17:20:06.875,1.0531,1.05331,2.48,2.85
2013.03.05 17:20:06.996,1.05307,1.05328,1.13,1.88
2013.03.05 17:20:07.473,1.05304,1.05323,1.88,1.13
2013.03.05 17:20:08.291,1.05304,1.05323,1.13,1.88
2013.03.05 17:20:09.383,1.05304,1.05323,1.88,1.88
2013.03.05 17:20:10.105,1.05305,1.05325,1.35,1.88
2013.03.05 17:20:13.731,1.05304,1.05325,2.10,1.88
2013.03.05 17:20:14.603,1.05304,1.05323,1.73,1.50
2013.03.05 17:20:14.905,1.05302,1.05322,1.88,2.25
2013.03.05 17:20:15.413,1.053,1.0532,1.13,1.13
2013.03.05 17:20:15.904,1.053,1.05321,1.13,2.63
2013.03.05 17:20:16.444,1.05301,1.05321,2.10,1.13
2013.03.05 17:20:16.563,1.053,1.05321,1.13,2.63
2013.03.05 17:20:16.843,1.05301,1.05321,1.13,1.88
2013.03.05 17:20:17.354,1.05305,1.05325,1.13,1.50
2013.03.05 17:20:18.313,1.05305,1.05323,1.13,1.50
2013.03.05 17:20:19.704,1.05304,1.05322,1.35,1.50
2013.03.05 17:20:20.244,1.05301,1.05319,1.35,1.50
2013.03.05 17:20:20.304,1.05301,1.05319,1.13,1.50
2013.03.05 17:20:27.414,1.05299,1.05319,1.88,1.50
2013.03.05 17:20:31.564,1.053,1.05322,1.50,1.88
2013.03.05 17:20:31.624,1.05302,1.05322,1.50,1.88
2013.03.05 17:20:31.803,1.05303,1.05323,2.10,1.13
2013.03.05 17:20:32.134,1.05303,1.05323,2.10,1.13
2013.03.05 17:20:52.544,1.05302,1.05321,1.13,1.50
2013.03.05 17:21:07.343,1.05303,1.05323,1.88,1.35
2013.03.05 17:21:07.403,1.05303,1.05323,2.10,1.13
2013.03.05 17:21:11.204,1.05306,1.05326,1.88,1.50
2013.03.05 17:21:18.282,1.05307,1.05326,1.13,1.50
2013.03.05 17:21:18.623,1.05304,1.05324,1.88,1.35
2013.03.05 17:21:19.063,1.05304,1.05324,1.88,1.35
2013.03.05 17:21:19.124,1.05306,1.05324,1.50,1.35
2013.03.05 17:21:19.243,1.05306,1.05324,1.88,1.13
2013.03.05 17:21:53.364,1.05307,1.05323,1.13,1.35
2013.03.05 17:21:53.544,1.05301,1.05315,1.35,1.50
2013.03.05 17:21:53.604,1.05298,1.05315,1.35,1.88
2013.03.05 17:21:53.844,1.05297,1.05315,1.13,1.88
2013.03.05 17:21:56.843,1.05297,1.05315,1.88,1.13
2013.03.05 17:21:57.086,1.05301,1.05321,3.23,7.13
2013.03.05 17:21:57.324,1.05302,1.05323,1.65,1.35
2013.03.05 17:21:58.034,1.05302,1.05323,1.65,1.35
2013.03.05 17:22:00.328,1.05302,1.05321,1.65,1.50
2013.03.05 17:22:02.131,1.05301,1.05321,2.25,1.13
2013.03.05 17:22:02.684,1.05302,1.05321,1.73,1.13
2013.03.05 17:22:03.583,1.05302,1.05322,2.10,1.35
2013.03.05 17:22:13.067,1.05302,1.0532,1.73,1.13
2013.03.05 17:22:20.984,1.05301,1.05317,1.13,1.50
2013.03.05 17:22:21.853,1.05298,1.05314,1.80,1.50
2013.03.05 17:22:21.974,1.05296,1.05314,2.25,1.50
2013.03.05 17:22:22.664,1.05296,1.05316,2.10,1.13
2013.03.05 17:22:23.582,1.05296,1.05316,2.10,1.13
2013.03.05 17:22:28.524,1.05296,1.05316,1.58,1.88
2013.03.05 17:22:30.105,1.05296,1.05316,1.20,1.88
2013.03.05 17:22:32.625,1.05296,1.05316,1.58,1.50
2013.03.05 17:22:33.281,1.05296,1.05316,1.58,1.50
2013.03.05 17:22:34.924,1.05297,1.05316,1.88,1.50
2013.03.05 17:22:37.004,1.05297,1.05316,1.13,1.50
2013.03.05 17:22:41.350,1.05296,1.05317,2.33,1.73
2013.03.05 17:22:41.414,1.05298,1.05317,1.13,1.73
2013.03.05 17:22:41.880,1.05299,1.05318,1.13,1.50
2013.03.05 17:22:48.830,1.05301,1.05318,1.13,1.50
2013.03.05 17:22:49.144,1.05297,1.05315,1.13,1.50
2013.03.05 17:22:50.040,1.05297,1.05318,1.13,2.48
2013.03.05 17:22:50.274,1.05297,1.05318,1.88,1.73
2013.03.05 17:22:50.334,1.05297,1.05319,2.10,1.88
2013.03.05 17:22:54.550,1.05297,1.05318,2.10,1.50
2013.03.05 17:22:54.634,1.05297,1.05318,2.10,1.50
2013.03.05 17:22:54.964,1.05297,1.05318,1.13,1.73
2013.03.05 17:22:55.024,1.05297,1.05318,1.35,1.50
2013.03.05 17:22:55.084,1.05297,1.05318,2.10,1.50
2013.03.05 17:22:59.386,1.05296,1.05318,2.55,1.88
2013.03.05 17:22:59.624,1.05296,1.05318,1.88,2.10
2013.03.05 17:22:59.754,1.05296,1.05318,2.10,1.13
2013.03.05 17:23:00.366,1.05297,1.05315,1.13,1.50
2013.03.05 17:23:07.865,1.05297,1.05317,1.88,2.10
2013.03.05 17:23:08.104,1.05302,1.05318,1.13,1.50
2013.03.05 17:23:08.353,1.053,1.05319,1.50,1.73
2013.03.05 17:23:08.604,1.05297,1.05315,2.25,1.50
2013.03.05 17:23:10.060,1.05297,1.05315,2.25,1.50
2013.03.05 17:23:10.830,1.05297,1.05315,1.50,1.73
2013.03.05 17:23:16.055,1.05297,1.05316,1.88,1.35
2013.03.05 17:23:23.815,1.05297,1.05318,2.63,1.35
2013.03.05 17:23:23.875,1.05297,1.05318,2.63,1.35
2013.03.05 17:23:24.196,1.05301,1.0532,1.50,1.13
2013.03.05 17:23:24.704,1.05301,1.05321,3.00,1.50
2013.03.05 17:23:24.824,1.05305,1.05324,1.13,1.35
2013.03.05 17:23:24.952,1.05305,1.05324,1.13,1.35
2013.03.05 17:23:30.634,1.05303,1.05323,1.43,1.50
2013.03.05 17:23:34.146,1.05302,1.05323,1.35,1.50
2013.03.05 17:23:34.265,1.05301,1.05321,1.50,1.13
2013.03.05 17:23:35.374,1.053,1.0532,1.50,1.50
2013.03.05 17:23:35.814,1.05297,1.05317,1.50,2.10
2013.03.05 17:23:36.416,1.05297,1.05317,1.50,2.10
2013.03.05 17:23:37.387,1.05297,1.05317,1.13,1.73
2013.03.05 17:23:39.904,1.05296,1.05317,1.13,1.73
2013.03.05 17:23:40.828,1.05296,1.05317,1.13,1.73
2013.03.05 17:23:57.365,1.05295,1.05311,1.50,1.50
2013.03.05 17:23:57.604,1.05292,1.05311,1.73,1.50
2013.03.05 17:23:57.724,1.05289,1.0531,1.65,1.13
2013.03.05 17:23:57.784,1.0529,1.0531,1.28,1.13
2013.03.05 17:23:57.964,1.05288,1.05308,1.95,1.88
2013.03.05 17:23:58.205,1.05286,1.05308,1.73,1.88
2013.03.05 17:24:26.764,1.05288,1.05307,1.50,1.35
2013.03.05 17:24:28.711,1.05287,1.05308,2.25,2.10
2013.03.05 17:24:31.584,1.05287,1.05307,1.73,1.13
2013.03.05 17:24:31.766,1.05284,1.05304,2.10,1.73
2013.03.05 17:24:32.313,1.05283,1.05301,2.10,1.13
2013.03.05 17:24:34.538,1.05283,1.05302,2.10,1.13
2013.03.05 17:24:34.725,1.05279,1.05296,1.20,1.13
2013.03.05 17:24:34.784,1.05278,1.05296,1.13,1.13
2013.03.05 17:24:35.154,1.05277,1.05294,1.13,1.50
2013.03.05 17:24:35.285,1.05275,1.05293,1.50,1.13
2013.03.05 17:24:35.344,1.05275,1.05294,1.50,2.85
2013.03.05 17:24:35.764,1.05277,1.05294,1.73,1.13
2013.03.05 17:24:36.124,1.0528,1.053,1.73,1.13
2013.03.05 17:25:19.434,1.05282,1.05303,1.73,2.63
2013.03.05 17:25:21.578,1.05282,1.05303,2.10,2.63
2013.03.05 17:25:21.644,1.05282,1.053,2.10,1.50
2013.03.05 17:25:41.817,1.05279,1.05297,1.13,1.50
2013.03.05 17:25:41.994,1.05277,1.05294,1.35,1.50
2013.03.05 17:25:45.887,1.05276,1.05294,1.35,1.50
2013.03.05 17:25:46.064,1.05277,1.05295,2.73,1.50
2013.03.05 17:25:52.604,1.05277,1.05297,1.61,3.38
2013.03.05 17:25:52.795,1.05276,1.05297,2.10,3.38
2013.03.05 17:25:53.402,1.05276,1.05296,1.35,1.88
2013.03.05 17:25:53.588,1.05275,1.05295,1.87,1.50
2013.03.05 17:25:53.834,1.05273,1.05292,1.50,1.13
2013.03.05 17:25:54.358,1.05274,1.05293,1.50,2.63
2013.03.05 17:25:54.544,1.05277,1.05293,1.41,2.63
2013.03.05 17:25:55.045,1.05281,1.05298,1.73,3.00
2013.03.05 17:26:26.645,1.05279,1.05295,1.73,1.50
2013.03.05 17:26:27.008,1.0528,1.05296,1.35,1.50
2013.03.05 17:26:39.537,1.05281,1.05299,1.73,2.25
2013.03.05 17:26:39.659,1.05283,1.05299,1.36,2.25
2013.03.05 17:26:39.725,1.05284,1.05303,1.73,2.25
2013.03.05 17:26:39.844,1.05285,1.05305,2.10,1.50
2013.03.05 17:26:40.087,1.05285,1.05305,1.13,1.50
2013.03.05 17:26:41.627,1.05283,1.05297,1.14,1.88
2013.03.05 17:26:41.755,1.05284,1.05297,1.36,1.88
2013.03.05 17:26:41.814,1.05284,1.05299,1.36,1.88
2013.03.05 17:26:41.894,1.05284,1.05298,1.36,1.13
2013.03.05 17:26:41.965,1.05282,1.05299,2.27,1.13
2013.03.05 17:26:49.365,1.05284,1.05299,1.73,2.25
2013.03.05 17:26:49.425,1.05287,1.05305,1.73,1.13
2013.03.05 17:26:49.545,1.05287,1.05305,2.48,1.13
2013.03.05 17:26:49.904,1.05291,1.05308,1.38,1.50
2013.03.05 17:26:50.870,1.05289,1.05309,2.10,1.50
2013.03.05 17:26:51.514,1.05288,1.05307,1.25,1.13
2013.03.05 17:26:51.875,1.05288,1.05307,1.02,1.88
2013.03.05 17:27:20.786,1.05286,1.05306,1.25,1.13
2013.03.05 17:27:20.915,1.05286,1.05306,1.38,1.13
2013.03.05 17:27:21.645,1.05286,1.05307,1.76,1.13
2013.03.05 17:27:23.867,1.05286,1.05306,1.01,1.13
2013.03.05 17:27:23.995,1.05285,1.05307,2.31,1.13
2013.03.05 17:27:42.164,1.05284,1.05304,1.35,1.13
2013.03.05 17:27:52.584,1.05285,1.05302,1.50,1.50
2013.03.05 17:27:52.824,1.05285,1.053,1.73,1.50
2013.03.05 17:27:55.944,1.05286,1.053,1.73,1.50
2013.03.05 17:27:56.005,1.05288,1.05301,1.80,1.50
2013.03.05 17:27:56.124,1.05288,1.05303,1.05,1.13
2013.03.05 17:27:56.706,1.0529,1.05304,1.13,1.88
2013.03.05 17:27:59.495,1.05288,1.05304,1.88,1.88
2013.03.05 17:27:59.614,1.05288,1.05304,1.88,2.63
2013.03.05 17:28:03.356,1.05283,1.05299,1.73,1.50
2013.03.05 17:28:03.485,1.05283,1.05294,1.73,1.50
2013.03.05 17:28:04.036,1.05286,1.05296,1.73,1.50
2013.03.05 17:28:05.585,1.05286,1.053,1.73,1.50
2013.03.05 17:28:05.765,1.05288,1.05304,1.73,1.50
2013.03.05 17:28:06.164,1.05287,1.05304,1.73,1.50
2013.03.05 17:28:06.225,1.05287,1.05306,2.36,1.13
2013.03.05 17:28:06.557,1.05288,1.05304,1.35,1.50
2013.03.05 17:28:07.096,1.05287,1.05304,1.73,1.50
2013.03.05 17:28:07.334,1.05288,1.05307,1.16,1.88
2013.03.05 17:28:07.574,1.05287,1.05303,1.35,1.50
2013.03.05 17:28:08.365,1.05287,1.05303,1.73,1.50
2013.03.05 17:28:08.545,1.05287,1.05307,2.37,1.50
2013.03.05 17:28:08.894,1.05287,1.05304,1.73,1.50
2013.03.05 17:28:19.144,1.05286,1.05305,2.48,1.13
2013.03.05 17:28:19.204,1.05286,1.05306,2.88,1.13
2013.03.05 17:28:20.194,1.05286,1.05303,1.38,1.13
2013.03.05 17:28:20.557,1.05281,1.05299,1.35,1.50
2013.03.05 17:28:20.735,1.05282,1.05298,2.27,1.50
2013.03.05 17:28:21.214,1.05282,1.05299,2.00,1.13
2013.03.05 17:28:21.392,1.0528,1.05299,1.73,1.13
2013.03.05 17:28:22.146,1.0528,1.05298,1.73,1.50
2013.03.05 17:28:23.206,1.0528,1.05296,1.73,1.13
2013.03.05 17:28:23.367,1.05277,1.05295,2.25,1.13
2013.03.05 17:28:23.424,1.05277,1.05293,1.50,1.50
2013.03.05 17:28:23.654,1.05277,1.05296,2.25,1.88
2013.03.05 17:28:23.716,1.05277,1.05296,2.48,1.88
2013.03.05 17:28:24.384,1.05277,1.05295,1.73,2.25
2013.03.05 17:28:27.776,1.05277,1.05297,1.73,2.63
2013.03.05 17:28:29.235,1.05277,1.05297,1.73,1.50
2013.03.05 17:28:33.714,1.05277,1.05298,3.23,1.13
2013.03.05 17:28:37.254,1.05277,1.05298,3.23,1.88
2013.03.05 17:28:37.924,1.05277,1.05297,3.23,1.88
2013.03.05 17:28:42.703,1.05277,1.05296,2.48,1.88
2013.03.05 17:28:44.027,1.05277,1.05297,2.48,1.88
2013.03.05 17:28:49.015,1.05277,1.05298,2.48,2.63
2013.03.05 17:28:52.421,1.05276,1.05295,1.73,2.25
2013.03.05 17:28:54.127,1.05276,1.05297,1.73,2.25
2013.03.05 17:28:58.796,1.05278,1.05297,1.73,1.13
2013.03.05 17:28:58.995,1.05278,1.05295,1.73,1.50
2013.03.05 17:28:59.175,1.05278,1.05289,1.73,2.25
2013.03.05 17:28:59.295,1.05273,1.05284,1.13,1.13
2013.03.05 17:28:59.415,1.05272,1.05284,1.42,1.13
2013.03.05 17:28:59.596,1.05274,1.0529,1.13,1.88
2013.03.05 17:28:59.775,1.05274,1.05287,1.13,1.13
2013.03.05 17:29:00.335,1.05274,1.05287,1.13,1.88
2013.03.05 17:29:00.876,1.05273,1.0529,1.13,1.50
2013.03.05 17:29:01.575,1.05274,1.0529,1.88,1.50
2013.03.05 17:29:01.634,1.05274,1.05288,1.65,1.50
2013.03.05 17:29:01.835,1.05274,1.0529,1.50,1.88
2013.03.05 17:29:01.895,1.05272,1.0529,1.13,1.13
2013.03.05 17:29:01.955,1.05272,1.0529,1.13,1.13
2013.03.05 17:29:02.314,1.05271,1.05286,1.13,1.50
2013.03.05 17:29:02.375,1.05269,1.05287,1.28,3.00
2013.03.05 17:29:02.435,1.05269,1.05287,1.28,3.00
2013.03.05 17:29:03.124,1.05269,1.05288,1.28,1.13
2013.03.05 17:29:03.475,1.05269,1.05284,1.28,1.50
2013.03.05 17:29:03.535,1.05264,1.05284,1.65,1.50
2013.03.05 17:29:04.325,1.05263,1.05277,1.94,1.50
2013.03.05 17:29:04.507,1.05257,1.05275,1.50,2.25
2013.03.05 17:29:04.575,1.05257,1.05273,1.50,1.50
2013.03.05 17:29:04.936,1.05255,1.05271,1.73,2.25
2013.03.05 17:29:05.844,1.05259,1.05274,1.73,1.13
2013.03.05 17:29:06.024,1.05259,1.05278,1.73,2.25
2013.03.05 17:29:06.804,1.05263,1.05281,1.35,1.50
2013.03.05 17:29:08.795,1.05265,1.05284,2.10,1.50
2013.03.05 17:29:09.035,1.05266,1.05287,1.59,1.88
2013.03.05 17:29:09.216,1.05265,1.05285,1.35,1.50
2013.03.05 17:29:09.396,1.05259,1.05274,2.24,1.50
2013.03.05 17:29:09.456,1.05259,1.05274,2.10,1.50
2013.03.05 17:29:09.575,1.05259,1.05279,1.73,2.63
2013.03.05 17:29:09.635,1.05259,1.05279,1.73,1.88
2013.03.05 17:29:09.695,1.05261,1.05279,1.67,1.50
2013.03.05 17:29:11.354,1.05264,1.05283,1.13,1.50
2013.03.05 17:29:11.415,1.05259,1.05274,2.48,1.50
2013.03.05 17:29:11.595,1.05259,1.05279,1.73,2.25
2013.03.05 17:29:11.656,1.05261,1.05279,1.32,1.50
2013.03.05 17:29:11.955,1.05259,1.05278,1.35,1.50
2013.03.05 17:29:12.205,1.05262,1.05281,1.43,1.88
2013.03.05 17:29:14.334,1.05266,1.05286,2.10,1.13
2013.03.05 17:29:14.395,1.05266,1.05286,2.10,1.13
2013.03.05 17:29:14.515,1.05268,1.05287,1.73,1.13
2013.03.05 17:29:16.345,1.05267,1.05288,1.35,1.50
2013.03.05 17:29:16.585,1.05258,1.05275,1.73,1.50
2013.03.05 17:29:16.645,1.05259,1.05277,1.73,1.13
2013.03.05 17:29:16.826,1.05266,1.05285,1.43,1.13
2013.03.05 17:29:16.892,1.05265,1.05283,1.20,1.50
2013.03.05 17:29:16.955,1.05263,1.05283,1.35,1.50
2013.03.05 17:29:18.084,1.05265,1.05285,1.73,1.13
2013.03.05 17:29:18.205,1.05265,1.05286,1.73,2.63
2013.03.05 17:29:18.265,1.05265,1.05286,2.22,2.63
2013.03.05 17:29:19.887,1.05265,1.05286,2.60,1.50
2013.03.05 17:29:20.244,1.05262,1.05283,2.49,1.50
2013.03.05 17:29:21.615,1.05264,1.05283,1.35,1.50
2013.03.05 17:29:21.796,1.05267,1.05284,1.34,1.50
2013.03.05 17:29:22.295,1.05271,1.05286,1.47,1.50
2013.03.05 17:29:22.415,1.05268,1.05286,1.05,1.50
2013.03.05 17:29:24.304,1.05267,1.05286,1.58,1.50
2013.03.05 17:29:24.545,1.0526,1.05279,1.65,1.50
2013.03.05 17:29:24.666,1.05261,1.05282,1.35,2.25
2013.03.05 17:29:24.724,1.05262,1.05283,1.73,2.63
2013.03.05 17:29:25.085,1.05266,1.05284,1.34,1.88
2013.03.05 17:29:25.475,1.05267,1.05286,1.34,1.88
2013.03.05 17:29:25.535,1.0527,1.05286,1.56,1.88
2013.03.05 17:29:25.735,1.05266,1.05285,1.94,1.50
2013.03.05 17:29:26.064,1.05265,1.05284,1.56,1.13
2013.03.05 17:29:26.185,1.05262,1.05282,1.74,1.50
2013.03.05 17:29:52.885,1.05262,1.05279,2.10,1.50
2013.03.05 17:29:54.685,1.05258,1.05276,1.35,1.50
2013.03.05 17:29:54.805,1.05256,1.05276,2.10,1.50
2013.03.05 17:29:54.865,1.05256,1.05268,1.13,1.50
2013.03.05 17:29:54.925,1.05251,1.05268,1.13,1.50
2013.03.05 17:29:55.663,1.05249,1.05268,1.65,1.50
2013.03.05 17:30:02.833,1.05252,1.05268,1.88,1.50
2013.03.05 17:30:03.014,1.05252,1.05269,1.88,1.13
2013.03.05 17:30:13.645,1.05257,1.05278,2.10,3.38
2013.03.05 17:30:13.706,1.05258,1.05278,1.35,2.63
2013.03.05 17:30:13.825,1.05258,1.05278,2.10,1.88
2013.03.05 17:30:14.695,1.05262,1.05281,1.35,1.50
2013.03.05 17:30:14.876,1.05262,1.05281,1.35,1.50
2013.03.05 17:30:18.976,1.05267,1.05283,1.20,1.50
2013.03.05 17:30:19.038,1.05267,1.05284,1.20,1.88
2013.03.05 17:30:20.324,1.05268,1.05288,1.13,1.50
2013.03.05 17:30:20.531,1.05265,1.05285,1.35,1.50
2013.03.05 17:30:30.334,1.05265,1.05284,1.35,1.50
2013.03.05 17:30:30.515,1.05267,1.05285,2.73,1.50
2013.03.05 17:30:39.795,1.05273,1.05292,1.35,1.50
2013.03.05 17:30:39.976,1.05275,1.05292,2.10,1.50
2013.03.05 17:30:42.915,1.05275,1.05296,2.10,2.25
2013.03.05 17:30:43.094,1.05275,1.05294,2.10,1.50
2013.03.05 17:30:43.225,1.05275,1.05294,2.10,1.50
2013.03.05 17:30:45.617,1.05273,1.05288,1.20,1.50
2013.03.05 17:30:45.675,1.05271,1.05287,1.73,1.50
2013.03.05 17:30:48.043,1.05274,1.05288,1.73,1.50
2013.03.05 17:30:48.305,1.05274,1.05291,1.73,1.50
2013.03.05 17:31:09.415,1.05271,1.05289,2.10,1.50
2013.03.05 17:31:10.085,1.05273,1.05292,1.35,1.50
2013.03.05 17:31:13.675,1.05276,1.05293,2.85,1.50
2013.03.05 17:31:13.735,1.05276,1.05295,2.85,1.50
2013.03.05 17:31:13.796,1.05277,1.05295,1.25,1.50
2013.03.05 17:31:13.875,1.05276,1.05295,2.10,1.50
2013.03.05 17:31:13.935,1.05276,1.05292,1.35,1.50
2013.03.05 17:31:17.803,1.05277,1.05296,1.67,2.25
2013.03.05 17:31:18.895,1.05277,1.05297,1.67,1.50
2013.03.05 17:31:20.305,1.05277,1.05297,1.29,1.88
2013.03.05 17:31:20.825,1.05274,1.05294,1.29,1.50
2013.03.05 17:31:20.885,1.05272,1.05295,1.92,1.88
2013.03.05 17:31:22.045,1.05275,1.05292,1.73,1.50
2013.03.05 17:31:22.105,1.05275,1.05292,1.73,1.50
2013.03.05 17:31:22.225,1.05277,1.05293,1.20,1.88
2013.03.05 17:31:22.409,1.05275,1.05293,1.73,1.88
2013.03.05 17:31:24.135,1.05273,1.05291,1.58,1.50
2013.03.05 17:31:24.195,1.0527,1.05288,1.35,1.50
2013.03.05 17:31:24.496,1.05265,1.05283,1.29,1.50
2013.03.05 17:31:24.947,1.05263,1.05283,2.10,1.50
2013.03.05 17:31:28.752,1.0526,1.05278,1.58,1.50
2013.03.05 17:31:28.815,1.0526,1.05277,1.35,1.50
2013.03.05 17:31:30.655,1.05261,1.05279,1.34,1.50
2013.03.05 17:31:31.185,1.05261,1.05281,2.46,1.50
2013.03.05 17:31:37.366,1.05262,1.05281,1.34,1.13
2013.03.05 17:31:37.486,1.05255,1.05269,1.73,1.50
2013.03.05 17:31:39.381,1.05252,1.05269,1.07,1.50
2013.03.05 17:31:39.459,1.05252,1.0527,1.52,1.13
2013.03.05 17:31:39.937,1.05252,1.0527,1.50,1.13
2013.03.05 17:31:45.135,1.05254,1.05274,1.35,1.88
2013.03.05 17:31:45.256,1.05256,1.05274,1.29,1.88
2013.03.05 17:31:45.615,1.05252,1.05272,2.76,1.88
2013.03.05 17:31:46.756,1.05252,1.05271,1.63,1.13
2013.03.05 17:31:47.058,1.05247,1.05263,2.10,1.50
2013.03.05 17:31:47.186,1.05249,1.05265,1.32,2.25
2013.03.05 17:31:47.305,1.05248,1.05265,2.27,1.50
2013.03.05 17:31:49.425,1.05254,1.0527,1.73,1.50
2013.03.05 17:31:49.486,1.05254,1.0527,1.73,1.13
2013.03.05 17:31:49.545,1.05254,1.0527,1.73,1.13
2013.03.05 17:31:49.605,1.05256,1.05274,1.35,2.25
2013.03.05 17:31:50.044,1.05255,1.05273,1.35,1.50
2013.03.05 17:31:50.265,1.05253,1.0527,1.35,1.50
2013.03.05 17:31:50.386,1.05254,1.05274,1.73,2.25
2013.03.05 17:31:50.506,1.05254,1.05274,1.73,2.25
2013.03.05 17:31:50.913,1.05253,1.05269,1.35,1.50
2013.03.05 17:31:51.997,1.05252,1.05269,1.62,1.50
2013.03.05 17:31:52.466,1.05256,1.05274,1.36,3.00
2013.03.05 17:31:54.543,1.05253,1.05273,2.49,1.50
2013.03.05 17:31:54.765,1.05253,1.05265,1.13,1.50
2013.03.05 17:31:55.005,1.05251,1.05265,1.35,1.50
2013.03.05 17:31:55.531,1.05251,1.05268,1.35,1.50
2013.03.05 17:31:55.725,1.05251,1.05269,1.35,2.25
2013.03.05 17:31:55.786,1.05253,1.05269,1.23,2.25
2013.03.05 17:31:58.062,1.05253,1.05273,1.98,1.88
2013.03.05 17:31:58.266,1.05254,1.05273,1.73,1.13
2013.03.05 17:31:58.326,1.05257,1.05274,1.23,2.25
2013.03.05 17:31:58.815,1.05256,1.05273,1.75,1.50
2013.03.05 17:31:58.935,1.05255,1.05273,1.35,1.50
2013.03.05 17:31:59.569,1.05255,1.05275,1.35,1.88
2013.03.05 17:31:59.756,1.05256,1.05275,2.22,1.88
2013.03.05 17:32:01.582,1.05257,1.05275,1.62,1.50
2013.03.05 17:32:01.705,1.05252,1.05267,1.36,1.50
2013.03.05 17:32:02.033,1.0525,1.05266,1.35,1.50
2013.03.05 17:32:02.356,1.05252,1.05268,1.73,1.50
2013.03.05 17:32:02.476,1.05252,1.0527,2.25,1.13
2013.03.05 17:32:05.125,1.05255,1.05274,1.73,1.50
2013.03.05 17:32:05.185,1.05255,1.05275,1.73,2.63
2013.03.05 17:32:05.250,1.05256,1.05275,1.63,2.63
2013.03.05 17:32:09.295,1.05256,1.05275,1.26,1.50
2013.03.05 17:32:09.835,1.0525,1.05266,1.35,1.50
2013.03.05 17:32:10.877,1.05252,1.05268,1.73,1.50
2013.03.05 17:32:10.997,1.05252,1.05269,2.97,1.50
2013.03.05 17:32:11.056,1.05253,1.0527,1.85,1.50
2013.03.05 17:32:12.801,1.05253,1.05273,2.60,1.50
2013.03.05 17:32:12.985,1.05257,1.05275,1.54,1.88
2013.03.05 17:32:15.595,1.05256,1.05275,2.44,1.50
2013.03.05 17:32:15.716,1.05256,1.05275,1.35,2.25
2013.03.05 17:32:16.101,1.05253,1.05271,1.88,1.50
2013.03.05 17:32:16.295,1.05252,1.05265,1.73,1.50
2013.03.05 17:32:17.312,1.05252,1.05268,2.48,1.50
2013.03.05 17:32:17.435,1.05253,1.0527,2.10,1.50
2013.03.05 17:32:17.495,1.05253,1.0527,2.10,1.50
2013.03.05 17:32:36.617,1.05252,1.0527,2.07,1.50
2013.03.05 17:32:36.856,1.0525,1.05264,1.35,1.50
2013.03.05 17:32:37.551,1.0525,1.05264,1.13,1.50
2013.03.05 17:32:37.735,1.05246,1.05264,1.35,1.50
2013.03.05 17:32:42.781,1.05245,1.05264,1.35,1.50
2013.03.05 17:32:43.377,1.05245,1.05266,1.73,1.88
2013.03.05 17:32:44.115,1.05247,1.05266,1.73,1.13
2013.03.05 17:32:44.295,1.05247,1.05268,2.10,3.38
2013.03.05 17:32:44.816,1.05247,1.05267,1.35,1.13
2013.03.05 17:32:51.715,1.05248,1.05268,1.73,1.13
2013.03.05 17:32:53.995,1.05252,1.05271,1.35,1.50
2013.03.05 17:32:55.925,1.05251,1.05269,1.35,1.50
2013.03.05 17:32:56.345,1.0525,1.05269,1.38,1.50
2013.03.05 17:32:56.465,1.05248,1.05269,1.73,1.50
2013.03.05 17:32:56.585,1.05248,1.05267,1.50,1.50
2013.03.05 17:32:57.066,1.05248,1.05264,1.35,1.50
2013.03.05 17:33:02.636,1.05246,1.05263,1.50,1.50
2013.03.05 17:33:02.817,1.05241,1.05262,2.63,1.50
2013.03.05 17:33:02.877,1.05243,1.05264,1.50,3.38
2013.03.05 17:33:02.940,1.05243,1.05263,1.50,1.13
2013.03.05 17:33:03.607,1.05246,1.05261,1.35,1.50
2013.03.05 17:33:03.726,1.05246,1.05264,1.35,1.88
2013.03.05 17:33:04.168,1.05245,1.05261,1.13,1.50
2013.03.05 17:33:04.781,1.05246,1.05265,1.73,1.50
2013.03.05 17:33:05.028,1.05246,1.05263,1.13,2.63
2013.03.05 17:33:05.113,1.05246,1.05263,1.13,2.63
2013.03.05 17:33:05.397,1.05247,1.05264,1.35,1.13
2013.03.05 17:33:05.725,1.05248,1.05268,1.35,1.13
2013.03.05 17:33:07.227,1.05245,1.05258,2.25,1.50
2013.03.05 17:33:07.547,1.0524,1.05258,1.50,1.13
2013.03.05 17:33:19.065,1.05238,1.05254,1.07,1.50
2013.03.05 17:33:19.125,1.05237,1.05254,1.50,1.50
2013.03.05 17:33:19.646,1.05235,1.05255,1.88,1.13
2013.03.05 17:33:22.125,1.05236,1.05255,1.50,1.13
2013.03.05 17:33:22.244,1.05238,1.05255,1.36,1.13
2013.03.05 17:33:23.100,1.05238,1.05258,1.36,1.13
2013.03.05 17:33:23.345,1.05239,1.05254,1.20,2.63
2013.03.05 17:33:33.881,1.05237,1.05256,1.35,1.50
2013.03.05 17:33:34.006,1.05238,1.05253,1.13,1.50
2013.03.05 17:33:34.125,1.05238,1.05253,1.50,1.50
2013.03.05 17:33:34.185,1.05241,1.05259,1.50,2.25
2013.03.05 17:33:34.247,1.05241,1.05258,1.73,1.50
2013.03.05 17:33:34.366,1.05238,1.05257,1.35,1.50
2013.03.05 17:33:34.436,1.05237,1.05253,3.23,1.50
2013.03.05 17:33:34.675,1.05237,1.05253,1.50,1.50
2013.03.05 17:33:34.796,1.05235,1.05252,1.88,1.50
2013.03.05 17:33:35.155,1.05231,1.05249,1.50,1.50
2013.03.05 17:33:35.215,1.05231,1.05249,1.50,1.50
2013.03.05 17:33:36.105,1.05231,1.0525,1.50,1.13
2013.03.05 17:33:36.345,1.05232,1.05248,1.28,1.13
2013.03.05 17:33:36.526,1.05234,1.0525,1.35,1.13
2013.03.05 17:33:36.646,1.05234,1.0525,1.35,1.13
2013.03.05 17:33:37.296,1.05232,1.0525,1.50,1.13
2013.03.05 17:33:38.830,1.05232,1.0525,1.50,1.13
2013.03.05 17:33:39.080,1.05231,1.05247,1.50,1.13
2013.03.05 17:33:39.206,1.05232,1.05252,2.40,1.13
2013.03.05 17:33:39.266,1.05235,1.05252,2.25,1.13
2013.03.05 17:33:39.624,1.05238,1.05257,1.35,1.88
2013.03.05 17:33:39.686,1.05237,1.05257,1.35,1.13
2013.03.05 17:33:39.745,1.05237,1.05259,1.73,1.88
2013.03.05 17:33:43.135,1.05237,1.05258,1.73,1.50
2013.03.05 17:33:43.255,1.05236,1.05256,2.25,1.13
2013.03.05 17:33:44.155,1.05237,1.05258,1.73,2.25
2013.03.05 17:33:44.335,1.05237,1.05258,2.48,1.50
2013.03.05 17:33:47.104,1.05242,1.05262,2.63,1.88
2013.03.05 17:33:47.424,1.05244,1.05262,1.73,1.50
2013.03.05 17:33:55.330,1.05244,1.05262,1.50,1.50
2013.03.05 17:33:55.455,1.05244,1.05262,1.73,1.50
2013.03.05 17:33:56.915,1.05243,1.0526,1.50,1.50
2013.03.05 17:33:56.976,1.05241,1.05259,1.13,1.88
2013.03.05 17:33:57.310,1.05242,1.05259,1.65,1.13
2013.03.05 17:33:57.495,1.05243,1.05262,1.65,1.13
2013.03.05 17:33:57.854,1.05243,1.05262,1.88,1.13
2013.03.05 17:34:00.616,1.05243,1.05264,3.75,1.13
2013.03.05 17:34:02.591,1.05248,1.05267,1.35,1.13
2013.03.05 17:34:02.895,1.0525,1.05267,1.73,1.50
2013.03.05 17:34:13.615,1.05252,1.0527,1.35,1.13
2013.03.05 17:34:13.796,1.05253,1.0527,1.52,1.13
2013.03.05 17:34:19.535,1.05253,1.05272,1.89,1.50
2013.03.05 17:34:19.867,1.05249,1.0527,3.23,1.13
2013.03.05 17:34:25.415,1.05252,1.05269,1.32,1.50
2013.03.05 17:34:26.175,1.05253,1.05269,1.47,1.50
2013.03.05 17:34:26.235,1.05252,1.05269,1.73,1.50
2013.03.05 17:34:27.175,1.0525,1.05268,1.35,1.13
2013.03.05 17:34:27.235,1.05249,1.05268,1.13,1.13
2013.03.05 17:34:28.432,1.05249,1.05268,1.13,1.13
2013.03.05 17:34:29.907,1.05245,1.05264,2.85,1.13
2013.03.05 17:34:29.977,1.05245,1.05266,2.10,1.88
2013.03.05 17:34:30.348,1.05247,1.05267,1.35,1.88
2013.03.05 17:34:30.851,1.05248,1.05267,1.35,1.13
2013.03.05 17:34:32.139,1.05248,1.05267,1.35,1.88
2013.03.05 17:34:32.265,1.05246,1.05267,1.73,1.88
2013.03.05 17:34:34.619,1.05245,1.05266,2.48,1.13
2013.03.05 17:34:34.686,1.05245,1.05266,2.48,1.13
2013.03.05 17:34:35.329,1.05245,1.05263,1.35,1.50
2013.03.05 17:34:35.564,1.05246,1.05267,1.35,4.13
2013.03.05 17:34:35.625,1.05245,1.05261,1.50,1.50
2013.03.05 17:34:35.746,1.05241,1.05256,1.20,1.50
2013.03.05 17:34:36.104,1.05238,1.05255,1.13,1.88
2013.03.05 17:34:36.521,1.05238,1.05255,1.13,1.13
2013.03.05 17:34:37.575,1.05236,1.05252,1.94,1.50
2013.03.05 17:34:37.755,1.05233,1.05252,1.50,1.50
2013.03.05 17:34:37.995,1.05233,1.05253,1.50,3.75
2013.03.05 17:34:38.298,1.05227,1.05245,1.13,1.50
2013.03.05 17:34:39.629,1.05227,1.05247,1.13,2.63
2013.03.05 17:34:43.125,1.0523,1.05248,1.50,1.50
2013.03.05 17:34:53.819,1.0523,1.05246,1.50,1.50
2013.03.05 17:34:53.887,1.0523,1.05246,1.50,1.50
2013.03.05 17:34:55.805,1.05225,1.05245,1.35,1.50
2013.03.05 17:34:55.865,1.05225,1.05243,1.35,2.25
2013.03.05 17:34:55.985,1.05225,1.05244,1.35,1.50
2013.03.05 17:35:00.675,1.05227,1.05242,1.35,2.25
2013.03.05 17:35:00.976,1.05221,1.05239,1.80,1.50
2013.03.05 17:35:01.096,1.05219,1.05237,1.05,1.50
2013.03.05 17:35:01.156,1.0522,1.05237,1.80,1.50
2013.03.05 17:35:18.795,1.05221,1.05241,1.73,1.13
2013.03.05 17:35:18.995,1.05222,1.05241,1.34,1.13
2013.03.05 17:35:19.355,1.05221,1.05241,1.73,1.13
2013.03.05 17:35:19.547,1.05222,1.05242,1.92,1.50
2013.03.05 17:35:19.605,1.05227,1.05243,1.73,1.50
2013.03.05 17:35:19.666,1.05227,1.05243,1.73,1.50
2013.03.05 17:35:20.200,1.05227,1.05246,1.73,1.88
2013.03.05 17:35:21.325,1.05227,1.05248,1.50,1.88
2013.03.05 17:35:21.566,1.05224,1.05243,1.35,1.13
2013.03.05 17:35:21.869,1.05224,1.05243,1.88,1.13
2013.03.05 17:35:21.936,1.05223,1.05243,1.35,1.13
2013.03.05 17:35:25.095,1.05223,1.05243,1.73,1.88
2013.03.05 17:35:25.275,1.05225,1.05245,1.35,1.50
2013.03.05 17:35:29.795,1.05225,1.05245,1.35,1.50
2013.03.05 17:35:29.988,1.05222,1.05242,3.98,1.13
2013.03.05 17:35:37.557,1.05227,1.05245,1.73,1.50
2013.03.05 17:35:37.675,1.05227,1.05245,1.98,1.50
2013.03.05 17:35:39.395,1.05231,1.05248,1.73,1.13
2013.03.05 17:35:39.456,1.05231,1.05248,1.73,1.13
2013.03.05 17:35:39.520,1.05231,1.05249,1.73,1.13
2013.03.05 17:35:39.585,1.0523,1.05248,2.04,1.13
2013.03.05 17:35:39.705,1.05227,1.05249,2.31,1.13
2013.03.05 17:35:39.766,1.05226,1.05248,2.10,1.13
2013.03.05 17:35:48.818,1.05224,1.05245,1.73,1.50
2013.03.05 17:35:49.006,1.05222,1.05242,2.48,1.13
2013.03.05 17:35:51.115,1.05222,1.0524,1.13,1.50
2013.03.05 17:35:51.175,1.05219,1.05238,1.05,2.63
2013.03.05 17:35:51.355,1.05217,1.05235,1.35,1.50
2013.03.05 17:35:51.476,1.05218,1.05238,1.35,1.50
2013.03.05 17:36:03.558,1.05218,1.05236,1.50,1.50
2013.03.05 17:36:03.795,1.05215,1.05235,1.73,1.13
2013.03.05 17:36:03.975,1.05214,1.05234,1.35,2.63
2013.03.05 17:36:08.037,1.05213,1.05233,1.50,1.13
2013.03.05 17:36:08.399,1.05215,1.05234,1.35,1.50
2013.03.05 17:36:08.738,1.05217,1.05234,1.36,2.25
2013.03.05 17:36:08.930,1.05217,1.05235,1.36,1.50
2013.03.05 17:36:09.186,1.05215,1.05231,2.10,1.50
2013.03.05 17:36:09.366,1.05209,1.0523,2.40,1.50
2013.03.05 17:36:09.578,1.05209,1.0523,2.40,1.50
2013.03.05 17:36:10.129,1.05211,1.05232,1.50,1.88
2013.03.05 17:36:13.408,1.05212,1.05232,2.25,1.13
2013.03.05 17:36:13.466,1.05212,1.05232,2.25,1.13
2013.03.05 17:36:14.284,1.05215,1.05234,1.73,1.13
2013.03.05 17:36:15.775,1.05219,1.05238,1.35,1.50
2013.03.05 17:36:39.059,1.05223,1.05244,1.73,1.88
2013.03.05 17:36:39.245,1.05223,1.05244,1.73,1.13
2013.03.05 17:36:40.966,1.05224,1.05242,1.35,1.13
2013.03.05 17:36:41.296,1.05224,1.05244,2.10,3.38
2013.03.05 17:36:41.537,1.05227,1.05244,2.09,1.50
2013.03.05 17:36:41.839,1.05226,1.05244,1.13,1.50
2013.03.05 17:36:41.967,1.05225,1.05243,1.35,1.50
2013.03.05 17:36:47.588,1.05223,1.05241,1.05,1.88
2013.03.05 17:36:47.766,1.05223,1.05241,1.43,1.50
2013.03.05 17:36:47.946,1.05223,1.05241,1.43,1.50
2013.03.05 17:37:03.317,1.05223,1.05244,1.05,2.63
2013.03.05 17:37:03.505,1.05223,1.05244,1.05,1.88
2013.03.05 17:37:05.627,1.05223,1.05244,1.05,1.88
2013.03.05 17:37:05.806,1.05222,1.05243,2.18,1.50
2013.03.05 17:37:26.316,1.05224,1.05241,1.05,1.13
2013.03.05 17:37:26.435,1.05224,1.05244,1.80,1.13
2013.03.05 17:37:26.495,1.05224,1.05244,1.80,1.13
2013.03.05 17:37:26.934,1.05222,1.05244,2.55,1.88
2013.03.05 17:37:27.055,1.05222,1.05244,2.55,1.88
2013.03.05 17:37:54.568,1.05222,1.05242,1.43,1.13
2013.03.05 17:37:54.685,1.05222,1.05242,1.05,3.00
2013.03.05 17:37:54.805,1.05214,1.05233,1.97,1.50
2013.03.05 17:37:54.865,1.05214,1.05233,1.73,1.50
2013.03.05 17:37:54.946,1.05216,1.05234,1.69,1.13
2013.03.05 17:37:55.265,1.05214,1.05234,1.80,1.13
2013.03.05 17:38:00.477,1.05213,1.05233,2.18,1.50
2013.03.05 17:38:01.419,1.05216,1.05236,2.10,1.88
2013.03.05 17:38:12.198,1.05215,1.05234,1.35,1.88
2013.03.05 17:38:12.315,1.05215,1.05234,1.35,2.63
2013.03.05 17:38:22.056,1.05215,1.05232,2.10,1.13
2013.03.05 17:38:22.215,1.05216,1.05234,1.73,1.50
2013.03.05 17:38:22.600,1.05216,1.05236,1.73,1.50
2013.03.05 17:38:23.876,1.05216,1.05237,1.73,1.13
2013.03.05 17:38:24.056,1.05215,1.05233,1.73,1.50
2013.03.05 17:38:24.115,1.05215,1.05233,1.73,1.50
2013.03.05 17:38:24.416,1.05216,1.05233,1.73,1.50
2013.03.05 17:38:24.476,1.05216,1.05236,1.73,1.50
2013.03.05 17:38:25.163,1.05215,1.05234,1.35,1.50
2013.03.05 17:38:30.722,1.05217,1.05234,1.35,1.50
2013.03.05 17:38:31.037,1.05221,1.05239,2.10,7.50
2013.03.05 17:38:33.436,1.05221,1.05243,3.30,1.13
2013.03.05 17:38:33.766,1.05221,1.05243,2.10,1.13
2013.03.05 17:38:34.281,1.05221,1.05243,2.10,1.13
2013.03.05 17:38:57.572,1.05222,1.05243,2.10,1.13
2013.03.05 17:38:57.699,1.05227,1.05244,1.13,1.50
2013.03.05 17:38:57.942,1.0523,1.05248,1.73,1.50
2013.03.05 17:38:58.079,1.0523,1.05248,1.73,1.50
2013.03.05 17:38:58.260,1.0523,1.05249,1.73,1.13
2013.03.05 17:39:10.328,1.0523,1.05248,1.13,1.50
2013.03.05 17:39:10.569,1.05229,1.05248,1.35,1.13
2013.03.05 17:39:13.862,1.05231,1.05249,1.73,1.88
2013.03.05 17:39:13.931,1.05231,1.05246,1.73,1.13
2013.03.05 17:39:14.000,1.0523,1.05248,1.73,1.13
2013.03.05 17:39:14.130,1.0523,1.05248,1.73,1.13
2013.03.05 17:39:14.394,1.0523,1.05249,1.73,1.13
2013.03.05 17:39:16.918,1.05231,1.05252,2.85,1.50
2013.03.05 17:39:16.979,1.05233,1.05253,1.73,1.88
2013.03.05 17:39:17.160,1.05232,1.05253,2.48,1.88
2013.03.05 17:39:28.088,1.05231,1.05249,2.48,1.88
2013.03.05 17:39:30.278,1.0523,1.05249,1.73,1.50
2013.03.05 17:39:39.118,1.0523,1.05249,1.73,2.63
2013.03.05 17:39:40.869,1.0523,1.0525,2.48,1.13
2013.03.05 17:40:11.539,1.05232,1.05252,1.73,1.13
2013.03.05 17:40:11.658,1.05236,1.05254,1.73,1.13
2013.03.05 17:40:11.718,1.05236,1.05254,1.73,1.13
2013.03.05 17:40:12.087,1.05232,1.05253,2.10,1.50
2013.03.05 17:40:12.269,1.05232,1.05253,1.35,2.25
2013.03.05 17:40:12.328,1.05232,1.05253,2.10,1.50
2013.03.05 17:40:12.509,1.05236,1.05254,1.73,1.13
2013.03.05 17:40:14.568,1.05236,1.05253,1.73,1.50
2013.03.05 17:40:14.937,1.05236,1.05251,1.73,1.50
2013.03.05 17:40:15.489,1.05236,1.05252,1.73,1.50
2013.03.05 17:40:16.276,1.05236,1.05254,1.73,1.13
2013.03.05 17:40:19.158,1.05234,1.05255,1.73,3.38
2013.03.05 17:40:19.351,1.05238,1.05255,1.32,1.50
2013.03.05 17:40:19.538,1.05234,1.05255,2.10,1.50
2013.03.05 17:40:22.568,1.05231,1.05253,1.35,1.50
2013.03.05 17:40:22.628,1.05231,1.05253,1.35,1.50
2013.03.05 17:40:23.169,1.05225,1.05245,1.08,1.50
2013.03.05 17:40:23.228,1.05223,1.05243,1.73,1.50
2013.03.05 17:40:26.807,1.05225,1.05243,1.35,2.25
2013.03.05 17:40:27.561,1.05225,1.05245,1.35,1.50
2013.03.05 17:40:32.569,1.05224,1.05243,1.35,1.50
2013.03.05 17:40:33.104,1.05218,1.05236,1.38,1.13
2013.03.05 17:40:33.178,1.05214,1.05235,2.11,1.50
2013.03.05 17:40:36.338,1.05214,1.05233,1.74,1.50
2013.03.05 17:40:36.533,1.0521,1.05231,2.18,1.50
2013.03.05 17:40:36.598,1.05212,1.05233,1.05,1.13
2013.03.05 17:40:36.778,1.05212,1.05233,1.41,1.13
2013.03.05 17:40:46.850,1.05212,1.05233,1.79,1.88
2013.03.05 17:40:55.779,1.05214,1.05234,1.34,1.88
2013.03.05 17:41:00.379,1.05214,1.05233,1.34,1.50
2013.03.05 17:41:00.499,1.05212,1.05233,1.05,1.50
2013.03.05 17:41:07.650,1.05214,1.05233,1.43,1.88
2013.03.05 17:41:07.839,1.05215,1.05234,1.23,2.63
2013.03.05 17:41:08.355,1.05216,1.05234,1.73,1.88
2013.03.05 17:41:09.148,1.05219,1.05239,1.62,1.88
2013.03.05 17:41:10.600,1.05219,1.05238,1.25,1.13
2013.03.05 17:41:10.729,1.0522,1.05238,1.73,1.13
2013.03.05 17:41:10.850,1.0522,1.05238,1.73,1.13
2013.03.05 17:41:10.975,1.0522,1.05238,1.73,1.13
2013.03.05 17:41:11.299,1.0522,1.05238,1.73,1.13
2013.03.05 17:41:11.360,1.0522,1.05239,1.73,1.88
2013.03.05 17:41:11.420,1.0522,1.05239,1.73,1.88
2013.03.05 17:41:14.967,1.0522,1.05241,1.73,1.50
2013.03.05 17:41:15.296,1.0522,1.05241,1.73,1.50
2013.03.05 17:41:15.539,1.05218,1.0524,1.88,1.50
2013.03.05 17:41:16.079,1.0522,1.0524,1.73,1.88
2013.03.05 17:41:16.155,1.05221,1.05241,1.73,1.50
2013.03.05 17:41:24.758,1.05221,1.05241,1.73,1.50
2013.03.05 17:41:26.320,1.05218,1.05237,1.13,1.88
2013.03.05 17:41:26.823,1.05219,1.05235,1.13,1.50
2013.03.05 17:41:27.404,1.05221,1.05236,1.13,1.50
2013.03.05 17:41:27.529,1.05221,1.05238,2.10,1.88
2013.03.05 17:41:41.219,1.05222,1.05244,3.23,2.25
2013.03.05 17:41:41.280,1.05226,1.05244,1.73,2.25
2013.03.05 17:41:41.581,1.05222,1.05244,2.48,2.25
2013.03.05 17:42:21.151,1.05221,1.05238,1.73,1.50
2013.03.05 17:42:21.918,1.05221,1.05239,1.73,1.50
2013.03.05 17:42:24.459,1.05221,1.05238,1.50,1.50
2013.03.05 17:42:24.579,1.05216,1.05237,1.73,1.50
2013.03.05 17:42:24.939,1.05216,1.05234,1.35,1.50
2013.03.05 17:42:24.999,1.05213,1.05234,1.20,1.50
2013.03.05 17:42:28.075,1.05213,1.05233,1.20,1.50
2013.03.05 17:42:28.199,1.05214,1.05234,1.35,1.88
2013.03.05 17:42:44.630,1.05216,1.05238,2.10,2.25
2013.03.05 17:42:44.689,1.05217,1.05238,1.38,2.25
2013.03.05 17:42:45.419,1.05221,1.05242,1.73,2.63
2013.03.05 17:43:25.421,1.05217,1.05239,2.73,1.13
2013.03.05 17:43:25.599,1.05216,1.05236,1.95,1.88
2013.03.05 17:43:52.790,1.05216,1.05237,1.73,1.50
2013.03.05 17:43:52.851,1.0522,1.05238,1.50,1.13
2013.03.05 17:43:53.049,1.0522,1.05239,1.73,1.13
2013.03.05 17:43:53.440,1.05219,1.05237,1.73,1.13
2013.03.05 17:43:53.501,1.05217,1.05237,1.73,1.13
2013.03.05 17:43:53.823,1.05219,1.05237,1.73,1.13
2013.03.05 17:43:54.018,1.05219,1.05238,2.48,1.13
2013.03.05 17:43:55.419,1.05219,1.05237,1.73,1.13
2013.03.05 17:43:55.478,1.05216,1.05237,2.48,1.88
2013.03.05 17:43:55.599,1.05216,1.05234,1.73,1.50
2013.03.05 17:43:55.848,1.05214,1.05234,1.05,1.50
2013.03.05 17:43:55.909,1.05214,1.05236,1.05,1.50
2013.03.05 17:43:56.382,1.05213,1.05234,2.55,1.50
2013.03.05 17:43:56.509,1.05214,1.05234,1.73,1.50
2013.03.05 17:44:04.603,1.05211,1.05232,1.05,1.50
2013.03.05 17:44:04.728,1.05212,1.05226,1.05,1.88
2013.03.05 17:44:05.048,1.05211,1.05227,1.05,2.25
2013.03.05 17:44:05.168,1.05211,1.05227,1.05,1.88
2013.03.05 17:44:05.289,1.05212,1.05229,1.05,1.13
2013.03.05 17:44:06.449,1.05212,1.05229,1.05,1.88
2013.03.05 17:44:06.588,1.05212,1.05228,1.05,1.13
2013.03.05 17:44:06.710,1.05211,1.05228,1.58,1.13
2013.03.05 17:44:06.831,1.05211,1.05228,1.58,1.13
2013.03.05 17:44:06.889,1.05211,1.05226,1.58,1.13
2013.03.05 17:44:07.429,1.05212,1.05227,1.05,1.13
2013.03.05 17:44:08.160,1.05212,1.05229,1.05,1.13
2013.03.05 17:44:26.009,1.05212,1.05228,1.05,1.05
2013.03.05 17:44:28.760,1.05212,1.05231,1.73,1.05
2013.03.05 17:44:29.268,1.05212,1.05231,1.73,1.05
2013.03.05 17:44:31.041,1.05212,1.05231,1.73,1.05
2013.03.05 17:44:32.257,1.05212,1.05233,1.73,1.05
2013.03.05 17:44:46.530,1.05212,1.05233,1.73,1.05
2013.03.05 17:44:46.769,1.05211,1.05228,1.73,1.05
2013.03.05 17:44:52.089,1.05211,1.05228,1.73,1.05
2013.03.05 17:44:52.487,1.05211,1.05228,1.50,1.35
2013.03.05 17:44:52.819,1.05211,1.05228,1.73,1.05
2013.03.05 17:44:53.838,1.0521,1.05231,1.73,1.88
2013.03.05 17:45:08.448,1.05207,1.05228,2.48,1.50
2013.03.05 17:45:11.928,1.0521,1.0523,1.73,1.13
2013.03.05 17:45:16.309,1.05207,1.05228,1.73,2.25
2013.03.05 17:45:18.798,1.05208,1.05228,1.73,1.50
2013.03.05 17:45:20.409,1.05207,1.05225,1.73,1.50
2013.03.05 17:45:20.469,1.05206,1.05225,1.73,1.50
2013.03.05 17:45:25.531,1.05207,1.05227,1.73,1.50
2013.03.05 17:45:25.708,1.05204,1.05224,1.43,1.50
2013.03.05 17:45:27.708,1.05207,1.05224,1.73,2.25
2013.03.05 17:45:33.350,1.05207,1.05224,1.73,1.50
2013.03.05 17:45:34.096,1.05204,1.05223,1.05,1.50
2013.03.05 17:45:34.219,1.05202,1.05221,1.05,1.50
2013.03.05 17:45:34.579,1.05202,1.05222,1.80,1.13
2013.03.05 17:45:34.639,1.05203,1.05222,1.05,1.13
2013.03.05 17:45:36.839,1.05204,1.05224,1.05,1.88
2013.03.05 17:45:45.112,1.05206,1.05227,1.73,1.88
2013.03.05 17:45:45.229,1.05204,1.05221,1.05,1.13
2013.03.05 17:45:45.731,1.05201,1.05221,1.13,1.88
2013.03.05 17:45:46.139,1.05204,1.05221,1.05,1.88
2013.03.05 17:45:46.199,1.05204,1.05224,1.05,2.25
2013.03.05 17:45:46.558,1.05206,1.05224,2.10,2.25
2013.03.05 17:45:46.619,1.05206,1.05224,2.10,2.25
2013.03.05 17:45:56.553,1.05208,1.05229,2.85,1.50
2013.03.05 17:45:56.738,1.05211,1.05229,1.73,1.50
2013.03.05 17:45:57.246,1.0521,1.05231,1.23,1.50
2013.03.05 17:45:58.311,1.05211,1.05233,1.73,1.88
2013.03.05 17:46:03.381,1.05211,1.05232,1.73,1.50
2013.03.05 17:46:03.619,1.05207,1.05226,1.73,1.50
2013.03.05 17:46:05.351,1.05207,1.05229,3.23,2.25
2013.03.05 17:46:05.469,1.0521,1.05229,1.73,2.25
2013.03.05 17:46:23.340,1.0521,1.0523,1.73,1.50
2013.03.05 17:46:23.520,1.05206,1.05227,1.35,1.50
2013.03.05 17:46:27.080,1.05208,1.05228,1.73,1.50
2013.03.05 17:46:27.219,1.05209,1.05228,2.13,1.50
2013.03.05 17:46:27.458,1.05209,1.0523,1.73,1.50
2013.03.05 17:46:30.051,1.05209,1.0523,1.73,1.88
2013.03.05 17:46:30.249,1.05206,1.05227,1.73,1.50
2013.03.05 17:46:30.429,1.05206,1.05229,2.48,2.25
2013.03.05 17:46:30.669,1.05209,1.05231,1.73,1.88
2013.03.05 17:46:32.801,1.05209,1.05231,1.73,1.13
2013.03.05 17:46:32.989,1.05205,1.05228,1.73,1.50
2013.03.05 17:46:33.049,1.05205,1.05228,3.23,1.50
2013.03.05 17:46:40.088,1.05208,1.05229,1.73,1.50
2013.03.05 17:46:40.148,1.05209,1.05229,1.73,1.50
2013.03.05 17:46:40.739,1.05209,1.05229,1.73,1.50
2013.03.05 17:46:42.399,1.05209,1.05229,1.73,1.50
2013.03.05 17:46:42.458,1.05209,1.05229,1.73,1.50
2013.03.05 17:46:43.580,1.05209,1.05229,1.73,1.50
2013.03.05 17:46:43.780,1.05204,1.05223,1.05,1.50
2013.03.05 17:46:43.839,1.05204,1.05224,1.80,1.50
2013.03.05 17:46:43.900,1.05206,1.05224,1.73,1.50
2013.03.05 17:46:44.336,1.05207,1.05229,1.73,1.13
2013.03.05 17:46:50.097,1.05211,1.05232,1.73,1.88
2013.03.05 17:46:50.221,1.05212,1.05234,1.73,1.88
2013.03.05 17:46:55.209,1.05216,1.05234,1.73,1.50
2013.03.05 17:46:55.328,1.05216,1.05234,2.48,1.50
2013.03.05 17:46:56.025,1.05216,1.05234,1.73,1.50
2013.03.05 17:46:56.588,1.05216,1.05234,2.48,1.50
2013.03.05 17:46:57.109,1.05216,1.05237,1.73,1.13
2013.03.05 17:46:57.169,1.05216,1.05238,2.48,1.50
2013.03.05 17:47:16.420,1.05216,1.05237,1.73,1.13
2013.03.05 17:47:16.481,1.05215,1.05237,1.73,1.13
2013.03.05 17:47:20.279,1.05218,1.05234,1.50,1.50
2013.03.05 17:47:20.729,1.05213,1.05234,1.73,1.50
2013.03.05 17:47:22.138,1.05213,1.05234,1.73,1.50
2013.03.05 17:47:23.228,1.05213,1.05234,2.48,1.50
2013.03.05 17:47:23.500,1.05213,1.05234,3.23,1.50
2013.03.05 17:47:25.018,1.05213,1.05234,1.73,1.50
2013.03.05 17:47:30.648,1.05215,1.05233,1.73,1.50
2013.03.05 17:47:33.999,1.05213,1.05232,2.48,1.50
2013.03.05 17:47:34.119,1.05214,1.05232,1.73,1.50
2013.03.05 17:47:34.300,1.05209,1.05231,1.73,1.50
2013.03.05 17:47:34.419,1.05211,1.05231,1.73,1.50
2013.03.05 17:47:35.709,1.05212,1.05232,1.73,1.50
2013.03.05 17:47:36.239,1.05211,1.05232,1.73,2.25
2013.03.05 17:47:40.890,1.05211,1.05232,1.73,2.63
2013.03.05 17:47:41.008,1.05207,1.05228,1.73,1.73
2013.03.05 17:47:41.128,1.05209,1.05228,1.50,2.48
2013.03.05 17:47:41.189,1.05209,1.05228,1.73,1.50
2013.03.05 17:47:48.849,1.0521,1.0523,2.48,1.13
2013.03.05 17:47:49.029,1.05204,1.05224,1.73,1.50
2013.03.05 17:47:49.209,1.05206,1.05224,1.73,1.50
2013.03.05 17:47:55.078,1.05203,1.05224,1.05,1.50
2013.03.05 17:47:55.138,1.05203,1.05224,1.05,1.50
2013.03.05 17:47:55.199,1.05206,1.05224,1.73,1.50
2013.03.05 17:47:55.319,1.05208,1.05229,1.73,1.50
2013.03.05 17:47:55.679,1.05211,1.0523,1.73,1.50
2013.03.05 17:47:58.288,1.05211,1.05229,1.73,1.50
2013.03.05 17:48:00.338,1.05211,1.05231,1.73,1.50
2013.03.05 17:48:13.899,1.05209,1.05231,2.48,1.50
2013.03.05 17:48:14.079,1.05209,1.05229,2.48,1.13
2013.03.05 17:48:14.320,1.05209,1.05229,1.73,1.50
2013.03.05 17:48:14.560,1.05208,1.05228,1.73,1.50
2013.03.05 17:48:14.680,1.05209,1.05229,1.73,1.88
2013.03.05 17:48:14.751,1.05209,1.05229,2.48,1.50
2013.03.05 17:48:15.298,1.05211,1.05231,2.48,1.50
2013.03.05 17:48:40.829,1.05209,1.0523,1.73,1.50
2013.03.05 17:48:40.959,1.05209,1.0523,1.73,2.25
2013.03.05 17:48:50.969,1.05204,1.05224,1.73,1.50
2013.03.05 17:48:53.118,1.05204,1.05224,1.05,1.50
2013.03.05 17:48:54.874,1.05206,1.05226,1.73,1.13
2013.03.05 17:48:54.944,1.05206,1.05226,1.73,1.88
2013.03.05 17:48:55.249,1.05204,1.05224,1.05,2.25
2013.03.05 17:48:59.890,1.05206,1.05223,1.73,1.50
2013.03.05 17:48:59.950,1.05206,1.05225,1.73,1.13
2013.03.05 17:49:00.010,1.05206,1.05225,1.73,1.13
2013.03.05 17:49:00.368,1.05204,1.05223,1.73,1.50
2013.03.05 17:49:43.799,1.05203,1.05224,1.80,3.00
2013.03.05 17:49:43.921,1.05204,1.05224,1.05,2.25
2013.03.05 17:49:58.549,1.05203,1.05223,1.05,2.25
2013.03.05 17:50:00.603,1.05204,1.05224,1.05,1.50
2013.03.05 17:50:11.068,1.05207,1.05228,1.73,1.13
2013.03.05 17:50:11.310,1.05211,1.05228,1.73,1.88
2013.03.05 17:50:11.670,1.05212,1.05232,1.73,2.25
2013.03.05 17:50:11.729,1.05212,1.05232,1.73,2.25
2013.03.05 17:50:31.479,1.05212,1.05233,1.73,1.88
2013.03.05 17:50:35.027,1.05212,1.05232,1.73,1.13
2013.03.05 17:50:37.040,1.05212,1.05233,1.73,2.25
2013.03.05 17:50:47.910,1.05211,1.05232,2.48,1.88
2013.03.05 17:50:48.030,1.05208,1.05228,1.73,1.50
2013.03.05 17:50:48.180,1.05211,1.05228,1.73,1.88
2013.03.05 17:50:48.479,1.05207,1.05228,2.48,1.88
2013.03.05 17:50:48.839,1.05208,1.05228,1.73,1.88
2013.03.05 17:50:48.900,1.05211,1.05228,1.73,1.88
2013.03.05 17:50:50.989,1.05211,1.0523,1.73,2.25
2013.03.05 17:50:51.549,1.05211,1.05231,1.73,2.25
2013.03.05 17:50:51.790,1.05212,1.05232,1.73,2.25
2013.03.05 17:51:09.409,1.05212,1.05233,1.73,1.50
2013.03.05 17:51:10.243,1.05212,1.05233,1.73,1.88
2013.03.05 17:51:10.357,1.05211,1.05232,1.73,1.13
2013.03.05 17:51:10.479,1.05211,1.05232,1.73,1.13
2013.03.05 17:51:10.796,1.05211,1.05231,1.73,1.13
2013.03.05 17:51:11.039,1.05211,1.05231,2.48,1.13
2013.03.05 17:51:12.739,1.05211,1.0523,1.73,1.13
2013.03.05 17:51:13.253,1.05211,1.05232,1.73,1.88
2013.03.05 17:51:13.579,1.05211,1.0523,1.73,1.50
2013.03.05 17:51:19.380,1.05207,1.0523,3.23,3.38
2013.03.05 17:51:19.500,1.05207,1.05228,2.48,1.13
2013.03.05 17:51:27.299,1.05207,1.0523,1.73,3.38
2013.03.05 17:51:27.480,1.05212,1.0523,1.50,2.25
2013.03.05 17:51:28.021,1.05212,1.05232,1.73,1.50
2013.03.05 17:52:27.319,1.05211,1.05234,1.73,1.88
2013.03.05 17:52:50.530,1.05211,1.05234,2.97,1.50
2013.03.05 17:52:51.069,1.05216,1.05236,1.73,1.88
2013.03.05 17:52:52.399,1.05227,1.05237,1.50,1.88
2013.03.05 17:52:52.699,1.05218,1.05239,1.73,2.48
2013.03.05 17:52:52.819,1.05221,1.05241,1.73,2.48
2013.03.05 17:53:20.876,1.05222,1.05243,1.73,1.13
2013.03.05 17:53:20.939,1.05222,1.05243,1.73,2.10
2013.03.05 17:53:21.122,1.05222,1.05243,1.73,2.10
2013.03.05 17:53:21.309,1.05222,1.05241,2.48,1.13
2013.03.05 17:53:41.892,1.05226,1.05243,1.73,2.25
2013.03.05 17:53:42.069,1.05226,1.05243,1.73,1.13
2013.03.05 17:53:55.419,1.05226,1.05244,1.73,1.13
2013.03.05 17:54:00.720,1.05226,1.05246,1.73,1.88
2013.03.05 17:54:02.370,1.05226,1.05245,1.73,1.13
2013.03.05 17:54:04.369,1.05226,1.05246,1.73,1.88
2013.03.05 17:54:09.110,1.05227,1.05246,2.31,1.88
2013.03.05 17:54:09.470,1.05227,1.05248,2.31,1.50
2013.03.05 17:54:09.589,1.05226,1.05248,1.73,1.50
2013.03.05 17:54:13.579,1.05231,1.05249,1.73,1.13
2013.03.05 17:54:13.769,1.05231,1.05254,1.73,2.25
2013.03.05 17:54:16.019,1.05231,1.0525,1.73,1.50
2013.03.05 17:54:16.525,1.0523,1.05251,1.73,1.50
2013.03.05 17:54:17.181,1.05229,1.05249,1.73,2.25
2013.03.05 17:54:17.360,1.05226,1.05244,1.73,1.50
2013.03.05 17:54:18.932,1.05226,1.05248,1.73,3.00
2013.03.05 17:54:19.953,1.05226,1.05244,1.73,1.50
2013.03.05 17:54:23.169,1.05226,1.05245,1.73,1.50
2013.03.05 17:54:23.723,1.05226,1.05247,1.73,4.50
2013.03.05 17:54:33.020,1.05226,1.05244,1.73,1.50
2013.03.05 17:54:58.927,1.05222,1.05243,2.10,1.50
2013.03.05 17:55:19.581,1.0522,1.05243,1.73,1.50
2013.03.05 17:55:19.702,1.0522,1.05243,1.73,1.50
2013.03.05 17:55:32.670,1.0522,1.05243,1.73,1.50
2013.03.05 17:55:32.790,1.0522,1.05243,1.73,1.50
2013.03.05 17:55:36.440,1.05217,1.05239,2.10,1.50
2013.03.05 17:55:36.929,1.05217,1.05238,1.35,1.50
2013.03.05 17:55:38.339,1.05219,1.05239,1.73,1.50
2013.03.05 17:55:58.869,1.05218,1.05241,1.73,2.25
2013.03.05 17:55:58.929,1.05218,1.05241,1.73,2.25
2013.03.05 17:56:10.799,1.05219,1.05241,1.05,1.50
2013.03.05 17:56:10.967,1.05218,1.05241,1.73,1.50
2013.03.05 17:56:11.581,1.05218,1.05241,2.10,2.25
2013.03.05 17:56:11.819,1.05217,1.05233,1.35,1.50
2013.03.05 17:56:11.999,1.05217,1.05233,1.35,1.50
2013.03.05 17:56:12.183,1.05217,1.05238,2.85,1.50
2013.03.05 17:56:12.250,1.05217,1.05238,2.85,1.50
2013.03.05 17:56:16.530,1.05217,1.05238,2.10,1.50
2013.03.05 17:56:16.709,1.05217,1.05238,1.35,1.50
2013.03.05 17:56:18.319,1.05216,1.05239,2.48,3.00
2013.03.05 17:56:18.530,1.05219,1.05239,1.35,2.25
2013.03.05 17:56:18.590,1.05218,1.05239,2.10,1.50
2013.03.05 17:56:25.751,1.05218,1.05239,1.35,1.50
2013.03.05 17:56:26.273,1.0522,1.05243,1.73,2.25
2013.03.05 17:56:35.309,1.0522,1.05242,1.88,1.35
2013.03.05 17:56:37.010,1.0522,1.05242,1.88,1.35
2013.03.05 17:56:39.359,1.0522,1.05242,1.88,1.35
2013.03.05 17:56:41.389,1.05221,1.0524,1.13,2.10
2013.03.05 17:56:42.439,1.0522,1.0524,1.50,1.73
2013.03.05 17:56:50.799,1.05219,1.05238,1.13,1.73
2013.03.05 17:56:51.328,1.05217,1.05238,1.88,1.73
2013.03.05 17:56:51.450,1.05215,1.05235,1.88,1.73
2013.03.05 17:56:51.870,1.05215,1.05234,1.13,1.73
2013.03.05 17:56:52.229,1.05213,1.05234,1.88,1.73
2013.03.05 17:56:54.690,1.05213,1.05232,1.13,1.35
2013.03.05 17:56:55.389,1.05213,1.05232,1.13,1.35
2013.03.05 17:57:02.280,1.05213,1.05234,1.13,1.73
2013.03.05 17:57:04.141,1.05213,1.05233,1.13,1.35
2013.03.05 17:57:05.850,1.05211,1.05234,1.88,3.23
2013.03.05 17:57:06.369,1.05208,1.0523,1.58,1.50
2013.03.05 17:57:07.007,1.0521,1.05233,1.13,1.73
2013.03.05 17:57:07.891,1.05211,1.05234,1.13,3.23
2013.03.05 17:57:18.620,1.05217,1.05234,2.25,1.73
2013.03.05 17:57:18.741,1.05219,1.05237,1.13,1.73
2013.03.05 17:57:19.171,1.05219,1.05241,1.50,1.73
2013.03.05 17:57:19.290,1.0522,1.05243,1.50,4.35
2013.03.05 17:57:19.950,1.05222,1.05243,1.65,2.85
2013.03.05 17:57:20.249,1.05223,1.05243,1.88,1.73
2013.03.05 17:57:22.333,1.05222,1.05243,1.65,1.73
2013.03.05 17:57:31.630,1.05223,1.05239,1.13,1.73
2013.03.05 17:57:34.670,1.05218,1.05236,1.65,1.73
2013.03.05 17:57:34.730,1.05215,1.05236,1.58,2.48
2013.03.05 17:57:35.210,1.05213,1.05234,1.13,2.48
2013.03.05 17:57:40.809,1.05212,1.05234,1.73,2.48
2013.03.05 17:57:40.929,1.05213,1.05234,1.50,2.48
2013.03.05 17:57:41.050,1.05213,1.05234,1.50,1.50
2013.03.05 17:57:53.901,1.05212,1.05234,2.48,1.50
2013.03.05 17:57:53.966,1.05212,1.05234,1.73,2.25
2013.03.05 17:57:54.319,1.05212,1.05229,1.73,1.50
2013.03.05 17:57:54.621,1.05205,1.05222,1.65,1.50
2013.03.05 17:57:54.681,1.05205,1.05222,1.65,1.50
2013.03.05 17:57:55.120,1.05203,1.05222,1.13,1.50
2013.03.05 17:57:56.059,1.05203,1.05224,1.13,1.88
2013.03.05 17:58:20.633,1.05202,1.05224,1.50,1.50
2013.03.05 17:58:27.099,1.05202,1.05223,1.50,1.50
2013.03.05 17:58:27.279,1.05197,1.05218,1.88,2.63
2013.03.05 17:58:27.340,1.05197,1.05217,1.13,1.50
2013.03.05 17:58:28.259,1.05197,1.05217,1.13,1.73
2013.03.05 17:58:28.873,1.05196,1.05218,1.13,6.60
2013.03.05 17:58:29.534,1.05195,1.05214,1.13,1.50
2013.03.05 17:58:30.780,1.05195,1.05214,1.13,1.50
2013.03.05 17:58:31.290,1.05195,1.05215,1.88,1.73
2013.03.05 17:58:31.469,1.05198,1.05218,1.50,3.23
2013.03.05 17:58:31.590,1.05196,1.05218,1.13,3.98
2013.03.05 17:58:35.430,1.05195,1.05216,1.13,2.48
2013.03.05 17:58:39.799,1.05196,1.05216,1.13,1.73
2013.03.05 17:58:40.378,1.05194,1.05215,2.03,1.73
2013.03.05 17:58:41.619,1.05196,1.05216,1.13,1.73
2013.03.05 17:58:41.740,1.05196,1.05218,2.63,2.25
2013.03.05 17:58:41.979,1.05197,1.05219,2.25,2.25
2013.03.05 17:58:42.708,1.05197,1.05219,2.63,1.50
2013.03.05 17:58:43.420,1.05197,1.05216,1.88,1.50
2013.03.05 17:58:45.339,1.05199,1.05218,1.50,2.48
2013.03.05 17:58:45.652,1.05202,1.05218,1.50,2.48
2013.03.05 17:58:46.080,1.05202,1.05222,1.50,2.10
2013.03.05 17:58:46.220,1.05204,1.05222,1.50,1.73
2013.03.05 17:58:46.692,1.05204,1.05223,1.50,1.50
2013.03.05 17:58:47.169,1.05204,1.05223,1.50,2.48
2013.03.05 17:58:48.548,1.05206,1.05223,1.50,1.73
2013.03.05 17:58:48.791,1.05209,1.05228,1.50,1.73
2013.03.05 17:58:49.030,1.05209,1.0523,1.50,1.73
2013.03.05 17:58:55.810,1.05207,1.0523,1.50,1.73
2013.03.05 17:58:56.010,1.05205,1.05225,1.13,2.10
2013.03.05 17:58:56.334,1.05201,1.05223,1.35,2.48
2013.03.05 17:58:56.869,1.052,1.05222,1.73,1.13
2013.03.05 17:59:00.789,1.05199,1.0522,1.88,1.73
2013.03.05 17:59:03.069,1.05197,1.0522,2.10,2.48
2013.03.05 17:59:03.129,1.05197,1.0522,1.35,3.23
2013.03.05 17:59:08.411,1.05197,1.05219,2.25,1.35
2013.03.05 17:59:08.740,1.052,1.05222,1.50,2.10
2013.03.05 17:59:13.049,1.05201,1.05223,2.25,2.85
2013.03.05 17:59:13.317,1.05202,1.05223,1.50,2.10
2013.03.05 17:59:13.394,1.05201,1.05223,2.25,2.10
2013.03.05 17:59:18.610,1.05198,1.0522,1.50,1.73
2013.03.05 17:59:18.790,1.05197,1.05219,2.25,1.73
2013.03.05 17:59:19.090,1.05198,1.05219,1.50,1.73
2013.03.05 17:59:20.329,1.05196,1.05217,1.50,1.73
2013.03.05 17:59:26.994,1.05194,1.05215,1.05,1.73
2013.03.05 17:59:42.328,1.05196,1.05216,1.50,1.73
2013.03.05 17:59:42.629,1.052,1.05219,1.50,2.25
2013.03.05 17:59:42.750,1.05201,1.05219,1.50,1.73
2013.03.05 17:59:42.932,1.05198,1.0522,1.50,1.73
2013.03.05 17:59:43.469,1.05198,1.05219,1.50,1.73
2013.03.05 17:59:43.530,1.05198,1.05219,1.50,1.50
2013.03.05 17:59:47.839,1.052,1.05223,1.50,1.73
2013.03.05 17:59:48.140,1.05199,1.05219,1.50,1.73
2013.03.05 17:59:48.651,1.05199,1.0522,1.50,1.35
2013.03.05 17:59:51.250,1.052,1.05221,1.50,1.35
2013.03.05 17:59:51.370,1.052,1.05221,1.50,1.35
