2015.12.24 05:00:01.608,1.00484,1.00504,1.00,1.00
2015.12.24 05:00:03.158,1.00481,1.00504,1.00,1.00
2015.12.24 05:00:13.754,1.00479,1.00505,1.50,1.50
2015.12.24 05:00:14.178,1.00479,1.00501,1.00,1.00
2015.12.24 05:00:14.369,1.00479,1.00503,1.00,1.50
2015.12.24 05:00:25.594,1.00479,1.00503,1.50,1.00
2015.12.24 05:00:33.535,1.00474,1.00501,2.25,1.00
2015.12.24 05:00:33.636,1.00474,1.00498,1.75,1.00
2015.12.24 05:00:33.788,1.00478,1.00498,1.00,1.37
2015.12.24 05:00:33.953,1.00473,1.00498,1.12,1.75
2015.12.24 05:00:36.931,1.00478,1.00498,1.00,1.00
2015.12.24 05:00:41.981,1.00474,1.00498,1.50,1.00
2015.12.24 05:00:56.338,1.00474,1.00501,1.00,2.25
2015.12.24 05:01:00.537,1.00473,1.00495,1.00,1.50
2015.12.24 05:01:00.840,1.00473,1.00497,1.00,1.75
2015.12.24 05:01:02.031,1.00469,1.00496,1.75,1.75
2015.12.24 05:01:36.285,1.00469,1.00495,1.50,1.50
2015.12.24 05:01:38.390,1.00469,1.00495,1.50,1.75
2015.12.24 05:01:38.955,1.00471,1.00494,1.00,1.00
2015.12.24 05:01:45.678,1.00474,1.00498,1.00,1.75
2015.12.24 05:01:48.124,1.00474,1.00493,1.00,1.00
2015.12.24 05:01:49.484,1.00469,1.00493,1.50,1.00
2015.12.24 05:01:56.493,1.00474,1.00493,1.00,1.00
2015.12.24 05:01:57.311,1.00469,1.00493,1.50,1.00
2015.12.24 05:01:57.362,1.00471,1.00494,1.00,1.00
2015.12.24 05:01:57.664,1.00474,1.00494,1.00,1.00
2015.12.24 05:01:57.968,1.00474,1.005,1.12,1.75
2015.12.24 05:02:02.899,1.00473,1.005,1.75,1.37
2015.12.24 05:02:02.950,1.00481,1.00504,1.00,1.00
2015.12.24 05:02:03.068,1.00479,1.00505,1.12,1.75
2015.12.24 05:02:03.472,1.00479,1.00501,1.00,1.00
2015.12.24 05:02:04.592,1.00479,1.00502,1.00,1.75
2015.12.24 05:02:07.447,1.00473,1.00502,2.25,1.75
2015.12.24 05:02:12.359,1.00474,1.00501,1.87,1.75
2015.12.24 05:02:12.773,1.00474,1.00501,1.75,1.75
2015.12.24 05:02:29.785,1.00479,1.00503,1.00,1.75
2015.12.24 05:02:32.890,1.00474,1.00502,1.75,1.75
2015.12.24 05:02:36.379,1.00476,1.005,1.00,1.00
2015.12.24 05:02:36.743,1.00478,1.005,1.00,1.00
2015.12.24 05:02:36.995,1.00481,1.00504,1.00,1.00
2015.12.24 05:02:37.398,1.00478,1.00507,2.25,1.75
2015.12.24 05:02:38.606,1.0048,1.00507,1.75,1.75
2015.12.24 05:02:38.887,1.00483,1.0051,1.75,1.75
2015.12.24 05:02:40.368,1.00489,1.00514,1.37,1.75
2015.12.24 05:02:43.905,1.00482,1.00511,1.75,2.25
2015.12.24 05:02:44.112,1.00482,1.00511,1.00,2.25
2015.12.24 05:02:44.426,1.00476,1.00501,1.75,1.00
2015.12.24 05:02:44.477,1.00474,1.00499,1.75,1.12
2015.12.24 05:02:45.595,1.00474,1.00499,1.75,1.37
2015.12.24 05:02:46.173,1.00474,1.00499,1.75,1.50
2015.12.24 05:02:49.511,1.00473,1.005,1.75,1.50
2015.12.24 05:02:53.037,1.00473,1.00502,1.75,1.50
2015.12.24 05:02:55.752,1.00474,1.00502,1.75,1.75
2015.12.24 05:02:55.953,1.00471,1.00501,1.75,1.75
2015.12.24 05:03:00.450,1.00471,1.00499,1.75,1.75
2015.12.24 05:03:05.627,1.00471,1.00499,1.75,1.75
2015.12.24 05:03:05.678,1.00471,1.00499,1.50,1.75
2015.12.24 05:03:07.633,1.00473,1.00499,1.00,1.75
2015.12.24 05:03:08.034,1.00473,1.00501,1.75,1.75
2015.12.24 05:03:09.388,1.00476,1.00504,1.00,1.75
2015.12.24 05:03:09.540,1.00476,1.00505,1.50,1.75
2015.12.24 05:03:20.930,1.00479,1.00502,1.00,1.00
2015.12.24 05:03:26.056,1.00476,1.00505,1.75,1.75
2015.12.24 05:03:26.709,1.00476,1.00505,1.50,1.75
2015.12.24 05:03:43.206,1.00474,1.00503,2.25,1.75
2015.12.24 05:03:46.317,1.00476,1.00502,1.75,1.50
2015.12.24 05:03:50.959,1.00469,1.005,1.75,1.00
2015.12.24 05:03:51.010,1.00469,1.005,1.75,1.50
2015.12.24 05:03:51.061,1.00468,1.00495,1.75,1.00
2015.12.24 05:03:51.111,1.00467,1.00495,1.75,1.75
2015.12.24 05:03:51.314,1.0047,1.00494,1.00,1.00
2015.12.24 05:03:52.332,1.00467,1.00491,1.00,1.00
2015.12.24 05:04:16.341,1.00463,1.00496,2.25,1.75
2015.12.24 05:04:16.816,1.00463,1.00494,1.75,1.75
2015.12.24 05:04:19.755,1.00466,1.00496,1.75,2.25
2015.12.24 05:04:36.256,1.00465,1.00496,1.75,2.25
2015.12.24 05:04:36.968,1.00468,1.00491,1.00,1.00
2015.12.24 05:04:43.278,1.00464,1.00492,1.75,1.00
2015.12.24 05:04:43.379,1.00464,1.00492,1.75,1.50
2015.12.24 05:04:56.289,1.00466,1.00489,1.00,1.00
2015.12.24 05:04:58.099,1.00467,1.00491,1.00,1.00
2015.12.24 05:04:58.322,1.00469,1.00492,1.00,1.00
2015.12.24 05:04:58.675,1.00466,1.00495,1.75,1.75
2015.12.24 05:04:59.192,1.00466,1.00495,1.75,1.75
2015.12.24 05:05:08.526,1.00466,1.00495,1.75,1.75
2015.12.24 05:05:12.406,1.00465,1.00493,1.75,1.75
2015.12.24 05:05:14.240,1.00464,1.00494,1.75,1.75
2015.12.24 05:05:40.252,1.00469,1.00494,1.00,1.75
2015.12.24 05:05:40.354,1.00471,1.00494,1.00,1.00
2015.12.24 05:05:40.558,1.00472,1.00496,1.00,1.00
2015.12.24 05:05:56.370,1.0047,1.00498,1.75,1.75
2015.12.24 05:06:03.367,1.0047,1.00496,1.75,1.75
2015.12.24 05:06:03.468,1.00467,1.00495,1.75,1.75
2015.12.24 05:06:04.620,1.00471,1.00501,1.75,1.75
2015.12.24 05:06:06.095,1.00472,1.00501,1.75,1.00
2015.12.24 05:06:06.198,1.00476,1.00506,1.75,2.25
2015.12.24 05:06:09.614,1.00478,1.00502,1.00,1.00
2015.12.24 05:06:25.599,1.00477,1.00505,1.75,1.75
2015.12.24 05:06:26.727,1.00477,1.00505,1.75,1.75
2015.12.24 05:06:28.941,1.00477,1.00505,1.50,1.75
2015.12.24 05:06:29.143,1.00479,1.00503,1.00,1.00
2015.12.24 05:06:45.657,1.00477,1.00506,1.75,2.25
2015.12.24 05:06:57.751,1.00475,1.00504,1.50,1.75
2015.12.24 05:07:08.503,1.00477,1.00505,1.00,1.75
2015.12.24 05:07:08.604,1.00477,1.00505,1.50,1.75
2015.12.24 05:07:14.983,1.00475,1.00501,1.12,1.75
2015.12.24 05:07:18.490,1.00475,1.00504,1.75,1.75
2015.12.24 05:07:25.595,1.00474,1.00502,1.75,1.75
2015.12.24 05:09:11.733,1.00476,1.00504,1.75,1.75
2015.12.24 05:09:19.327,1.00475,1.00505,1.75,1.75
2015.12.24 05:09:21.089,1.00478,1.00506,1.75,1.12
2015.12.24 05:09:21.594,1.00481,1.00505,1.00,1.00
2015.12.24 05:09:23.064,1.0048,1.00507,1.75,1.75
2015.12.24 05:09:25.539,1.0048,1.00507,1.75,1.75
2015.12.24 05:09:26.071,1.0048,1.00507,1.50,1.75
2015.12.24 05:09:36.353,1.00481,1.00511,1.37,1.75
2015.12.24 05:09:44.066,1.00482,1.00511,1.12,2.25
2015.12.24 05:09:44.571,1.00479,1.00509,1.75,1.75
2015.12.24 05:09:44.873,1.00481,1.0051,1.50,1.75
2015.12.24 05:10:01.151,1.00482,1.0051,1.75,1.75
2015.12.24 05:10:16.340,1.0048,1.00509,1.75,1.75
2015.12.24 05:10:32.573,1.00479,1.00507,1.75,1.75
2015.12.24 05:10:32.674,1.00479,1.00504,1.50,1.75
2015.12.24 05:10:32.775,1.00476,1.00504,1.75,1.75
2015.12.24 05:10:33.962,1.00479,1.00503,1.00,1.00
2015.12.24 05:10:39.161,1.0048,1.00503,1.00,1.00
2015.12.24 05:10:39.794,1.0048,1.00509,1.50,1.75
2015.12.24 05:10:46.699,1.00479,1.00506,1.37,1.75
2015.12.24 05:10:46.749,1.00474,1.00503,1.75,1.75
2015.12.24 05:10:47.009,1.00477,1.00501,1.00,1.00
2015.12.24 05:10:49.380,1.00475,1.00505,1.75,1.75
2015.12.24 05:10:52.056,1.00474,1.00503,1.75,1.75
2015.12.24 05:10:52.107,1.00474,1.00503,1.75,1.75
2015.12.24 05:10:52.409,1.00477,1.00505,1.75,1.75
2015.12.24 05:10:55.488,1.00478,1.00507,1.75,2.25
2015.12.24 05:11:04.445,1.00482,1.00511,1.00,2.25
2015.12.24 05:11:04.698,1.00483,1.00512,1.50,1.75
2015.12.24 05:11:05.202,1.00485,1.00512,1.00,1.75
2015.12.24 05:11:06.297,1.00484,1.00512,1.12,1.75
2015.12.24 05:11:06.882,1.00485,1.00512,1.00,1.75
2015.12.24 05:11:07.235,1.00486,1.00508,1.00,1.00
2015.12.24 05:11:07.487,1.00488,1.00508,1.00,1.00
2015.12.24 05:11:07.801,1.00485,1.00512,1.12,1.75
2015.12.24 05:11:08.226,1.00485,1.00512,1.12,1.75
2015.12.24 05:11:08.327,1.00485,1.00512,1.12,1.75
2015.12.24 05:11:09.664,1.00488,1.00512,1.00,1.75
2015.12.24 05:11:10.655,1.00488,1.00511,1.12,1.37
2015.12.24 05:11:10.706,1.00488,1.00511,1.50,1.00
2015.12.24 05:11:10.757,1.00491,1.00511,1.12,1.00
2015.12.24 05:11:10.807,1.00491,1.00514,1.50,1.00
2015.12.24 05:11:11.277,1.00493,1.00516,1.12,1.37
2015.12.24 05:11:11.762,1.00495,1.00516,1.00,1.37
2015.12.24 05:11:12.065,1.00491,1.00516,1.50,1.75
2015.12.24 05:11:12.267,1.0049,1.00517,1.37,1.75
2015.12.24 05:11:13.122,1.0049,1.00521,1.75,1.75
2015.12.24 05:11:13.173,1.00497,1.00522,1.00,1.75
2015.12.24 05:11:13.324,1.00497,1.00522,1.50,1.75
2015.12.24 05:11:13.425,1.00499,1.00527,1.37,1.75
2015.12.24 05:11:13.526,1.00501,1.00527,1.12,1.75
2015.12.24 05:11:16.833,1.005,1.00526,1.75,1.50
2015.12.24 05:11:17.225,1.00501,1.00526,1.37,1.50
2015.12.24 05:11:17.628,1.00499,1.00526,1.75,1.12
2015.12.24 05:11:18.639,1.00501,1.00525,1.50,1.00
2015.12.24 05:11:18.850,1.00503,1.00526,1.00,1.00
2015.12.24 05:11:36.388,1.005,1.00526,1.75,1.50
2015.12.24 05:11:43.667,1.00497,1.00526,1.75,1.75
2015.12.24 05:11:55.876,1.00497,1.00522,1.50,1.50
2015.12.24 05:12:06.595,1.00494,1.00521,1.75,1.75
2015.12.24 05:12:06.697,1.00492,1.00514,1.00,1.00
2015.12.24 05:12:07.101,1.00494,1.00517,1.00,1.50
2015.12.24 05:12:07.940,1.00496,1.00517,1.00,1.00
2015.12.24 05:12:08.042,1.00496,1.00519,1.50,1.00
2015.12.24 05:12:11.530,1.00494,1.00521,1.75,1.50
2015.12.24 05:12:29.319,1.00498,1.00521,1.50,1.37
2015.12.24 05:12:30.031,1.00498,1.00521,1.75,1.00
2015.12.24 05:12:30.590,1.00498,1.00527,2.25,1.75
2015.12.24 05:12:35.289,1.00498,1.00521,1.75,1.00
2015.12.24 05:12:35.676,1.00494,1.00515,1.50,1.00
2015.12.24 05:12:36.462,1.00494,1.00521,1.12,2.25
2015.12.24 05:12:36.966,1.00493,1.00522,1.50,2.25
2015.12.24 05:12:38.444,1.00496,1.00522,1.50,1.75
2015.12.24 05:12:43.939,1.00498,1.00522,1.37,1.50
2015.12.24 05:12:43.990,1.00498,1.00522,1.75,1.50
2015.12.24 05:13:05.602,1.00498,1.00527,2.25,2.25
2015.12.24 05:13:08.887,1.00499,1.00527,1.37,2.25
2015.12.24 05:13:09.267,1.00497,1.00521,1.75,1.00
2015.12.24 05:13:10.567,1.00499,1.00526,1.75,1.75
2015.12.24 05:13:19.691,1.005,1.00521,1.50,1.00
2015.12.24 05:13:20.701,1.005,1.00526,1.50,1.75
2015.12.24 05:13:23.714,1.00499,1.00525,1.50,1.75
2015.12.24 05:13:33.217,1.00497,1.00521,1.75,1.00
2015.12.24 05:13:33.318,1.00497,1.00521,1.37,1.50
2015.12.24 05:13:33.889,1.00499,1.00526,1.00,1.75
2015.12.24 05:13:33.940,1.00499,1.00526,1.00,1.75
2015.12.24 05:13:45.451,1.00497,1.00522,1.00,1.37
2015.12.24 05:13:45.653,1.00489,1.00516,1.75,1.00
2015.12.24 05:13:45.855,1.00488,1.00516,1.75,1.75
2015.12.24 05:13:48.056,1.00489,1.00517,2.25,1.75
2015.12.24 05:13:49.240,1.0049,1.00519,1.50,1.75
2015.12.24 05:14:03.376,1.00493,1.00516,1.00,1.00
2015.12.24 05:14:03.679,1.00491,1.00516,1.37,1.50
2015.12.24 05:14:03.881,1.0049,1.00513,1.00,1.00
2015.12.24 05:14:25.624,1.0049,1.00516,1.50,1.50
2015.12.24 05:14:30.309,1.00488,1.00517,1.75,1.75
2015.12.24 05:14:31.169,1.00492,1.00517,1.00,1.75
2015.12.24 05:14:31.220,1.00492,1.00521,1.50,2.25
2015.12.24 05:14:31.422,1.00492,1.00521,1.75,1.75
2015.12.24 05:14:43.009,1.00494,1.00517,1.00,1.00
2015.12.24 05:14:43.380,1.00492,1.00521,1.12,2.25
2015.12.24 05:14:44.205,1.00488,1.00516,1.75,2.25
2015.12.24 05:14:44.508,1.00485,1.00515,1.75,1.75
2015.12.24 05:14:52.954,1.00485,1.00515,1.75,1.75
2015.12.24 05:15:07.502,1.00487,1.00512,1.75,1.00
2015.12.24 05:15:08.577,1.00487,1.00512,1.75,1.00
2015.12.24 05:15:09.115,1.00489,1.00516,1.75,1.75
2015.12.24 05:15:22.549,1.00485,1.00513,1.75,1.50
2015.12.24 05:15:22.991,1.00483,1.00511,1.75,1.75
2015.12.24 05:15:37.815,1.00483,1.00511,1.75,1.12
2015.12.24 05:15:38.791,1.00485,1.00515,1.75,1.12
2015.12.24 05:15:46.716,1.00489,1.00519,2.25,1.75
2015.12.24 05:15:46.918,1.00495,1.00518,1.00,1.00
2015.12.24 05:15:48.501,1.00493,1.00516,1.00,1.00
2015.12.24 05:15:48.905,1.00492,1.00521,1.75,2.25
2015.12.24 05:15:59.200,1.00491,1.0052,1.75,1.75
2015.12.24 05:15:59.832,1.00494,1.00518,1.00,1.00
2015.12.24 05:15:59.933,1.00494,1.00516,1.00,1.00
2015.12.24 05:16:01.823,1.0049,1.00516,1.75,1.37
2015.12.24 05:16:01.924,1.00492,1.00515,1.00,1.00
2015.12.24 05:16:09.948,1.0049,1.00516,1.75,1.75
2015.12.24 05:16:10.300,1.00486,1.00511,1.75,1.00
2015.12.24 05:16:10.908,1.00484,1.00511,2.25,1.12
2015.12.24 05:16:13.920,1.00487,1.00511,1.00,1.00
2015.12.24 05:16:30.784,1.00486,1.00516,1.75,1.75
2015.12.24 05:16:32.622,1.00492,1.00522,1.00,2.25
2015.12.24 05:16:32.673,1.00492,1.00522,1.75,2.25
2015.12.24 05:16:32.774,1.00496,1.00519,1.00,1.00
2015.12.24 05:16:32.824,1.00496,1.00516,1.00,1.00
2015.12.24 05:16:33.044,1.00494,1.00521,1.75,1.50
2015.12.24 05:16:34.253,1.00491,1.00517,1.75,1.00
2015.12.24 05:16:34.404,1.00491,1.00517,1.75,1.00
2015.12.24 05:16:38.638,1.00494,1.0052,1.75,1.50
2015.12.24 05:16:56.426,1.00494,1.00521,1.75,1.75
2015.12.24 05:17:23.243,1.00499,1.00522,1.00,1.00
2015.12.24 05:17:24.720,1.00493,1.00522,2.25,1.37
2015.12.24 05:17:24.771,1.00496,1.0052,1.00,1.00
2015.12.24 05:17:24.973,1.00496,1.00517,1.00,1.00
2015.12.24 05:17:45.561,1.0049,1.00517,1.75,1.00
2015.12.24 05:17:49.517,1.00494,1.0052,1.75,1.37
2015.12.24 05:17:51.373,1.00494,1.00518,1.75,1.00
2015.12.24 05:17:51.474,1.0049,1.00516,1.75,1.00
2015.12.24 05:18:00.813,1.00494,1.00518,1.75,1.00
2015.12.24 05:18:01.507,1.00494,1.00521,1.75,2.25
2015.12.24 05:18:05.691,1.00496,1.0052,1.00,1.00
2015.12.24 05:18:07.246,1.00496,1.00518,1.00,1.00
2015.12.24 05:18:07.398,1.00488,1.00518,1.75,1.75
2015.12.24 05:18:25.595,1.00491,1.00521,1.75,2.25
2015.12.24 05:18:26.167,1.00491,1.00521,1.75,2.25
2015.12.24 05:18:35.853,1.00493,1.00521,1.75,1.75
2015.12.24 05:18:39.864,1.00493,1.00521,1.75,1.50
2015.12.24 05:18:43.275,1.00494,1.00524,1.75,1.75
2015.12.24 05:18:43.586,1.00499,1.00524,1.37,1.37
2015.12.24 05:18:43.637,1.00501,1.0053,1.75,1.75
2015.12.24 05:18:45.678,1.005,1.00528,1.75,1.75
2015.12.24 05:18:50.246,1.00499,1.00527,1.37,1.75
2015.12.24 05:18:50.297,1.00499,1.00527,1.37,1.75
2015.12.24 05:18:50.398,1.00496,1.00526,1.75,1.75
2015.12.24 05:18:50.499,1.00499,1.00528,1.75,1.75
2015.12.24 05:18:53.702,1.00505,1.00526,1.37,1.37
2015.12.24 05:18:53.754,1.00505,1.00532,1.75,1.75
2015.12.24 05:19:07.937,1.00506,1.00531,1.75,1.12
2015.12.24 05:19:08.038,1.00506,1.00531,1.50,1.12
2015.12.24 05:19:12.381,1.00506,1.00531,1.75,1.12
2015.12.24 05:19:12.432,1.00506,1.00534,1.75,1.75
2015.12.24 05:19:34.939,1.00505,1.00528,1.00,1.00
2015.12.24 05:19:35.545,1.00503,1.00531,1.12,1.75
2015.12.24 05:19:35.880,1.00503,1.00531,1.75,1.75
2015.12.24 05:19:54.575,1.00501,1.00525,1.00,1.00
2015.12.24 05:19:54.629,1.00498,1.00527,1.75,1.75
2015.12.24 05:19:55.310,1.00494,1.00525,1.75,1.50
2015.12.24 05:19:55.885,1.00502,1.00526,1.00,1.00
2015.12.24 05:19:56.763,1.00501,1.00524,1.00,1.00
2015.12.24 05:20:04.702,1.00499,1.00525,1.50,1.75
2015.12.24 05:20:04.753,1.00499,1.00523,1.50,1.00
2015.12.24 05:20:23.691,1.00499,1.00529,2.25,1.75
2015.12.24 05:20:29.542,1.00499,1.00527,1.75,1.00
2015.12.24 05:20:29.816,1.00507,1.00531,1.50,1.00
2015.12.24 05:20:31.956,1.0051,1.00536,1.50,1.50
2015.12.24 05:20:40.582,1.00513,1.00537,1.00,1.75
2015.12.24 05:20:41.212,1.00511,1.00536,1.37,1.50
2015.12.24 05:20:56.359,1.0051,1.00537,1.50,1.75
2015.12.24 05:21:17.090,1.00513,1.00536,1.00,1.75
2015.12.24 05:21:17.291,1.00513,1.00536,1.50,1.12
2015.12.24 05:21:20.833,1.0051,1.00532,1.75,1.00
2015.12.24 05:21:24.738,1.0051,1.00532,1.50,1.00
2015.12.24 05:21:25.602,1.0051,1.00532,1.00,1.50
2015.12.24 05:21:29.737,1.00509,1.00532,1.50,1.50
2015.12.24 05:21:30.287,1.00509,1.00531,1.50,1.00
2015.12.24 05:21:37.699,1.0051,1.00531,1.00,1.00
2015.12.24 05:21:47.132,1.0051,1.00531,1.37,1.00
2015.12.24 05:21:48.196,1.00511,1.00532,1.12,1.12
2015.12.24 05:21:48.700,1.00511,1.00532,1.37,1.00
2015.12.24 05:21:49.101,1.00508,1.00532,1.12,1.75
2015.12.24 05:21:49.554,1.00508,1.00536,1.75,1.75
2015.12.24 05:21:50.008,1.00511,1.00536,1.37,1.75
2015.12.24 05:21:50.059,1.00512,1.00537,1.50,1.75
2015.12.24 05:22:05.666,1.00511,1.00535,1.00,1.00
2015.12.24 05:22:11.367,1.00512,1.00535,1.00,1.00
2015.12.24 05:22:16.134,1.00511,1.00535,1.50,1.00
2015.12.24 05:22:23.983,1.00508,1.00537,1.75,1.75
2015.12.24 05:22:24.493,1.0051,1.00533,1.00,1.00
2015.12.24 05:22:25.710,1.00508,1.00537,1.12,1.75
2015.12.24 05:22:42.308,1.00508,1.00533,1.37,1.00
2015.12.24 05:22:42.839,1.0051,1.00533,1.00,1.00
2015.12.24 05:22:43.294,1.00512,1.00533,1.00,1.00
2015.12.24 05:22:43.596,1.0051,1.00533,1.00,1.00
2015.12.24 05:22:44.163,1.00509,1.00533,1.00,1.00
2015.12.24 05:22:46.933,1.00506,1.00534,1.37,1.75
2015.12.24 05:22:46.983,1.00506,1.00534,1.00,1.75
2015.12.24 05:22:47.488,1.00505,1.00531,1.12,1.75
2015.12.24 05:23:05.643,1.00505,1.00532,1.00,1.75
2015.12.24 05:23:10.435,1.00503,1.00532,1.37,1.75
2015.12.24 05:23:14.615,1.00504,1.00531,1.50,1.75
2015.12.24 05:23:14.666,1.00504,1.00533,1.75,1.75
2015.12.24 05:23:26.860,1.00508,1.00531,1.00,1.75
2015.12.24 05:23:26.961,1.00509,1.00537,1.00,2.25
2015.12.24 05:23:27.012,1.00509,1.00537,1.37,2.25
2015.12.24 05:23:27.416,1.00508,1.00537,1.12,1.75
2015.12.24 05:23:27.914,1.00507,1.00532,1.75,1.12
2015.12.24 05:23:28.066,1.00507,1.0053,1.00,1.00
2015.12.24 05:23:34.908,1.00505,1.00532,1.75,1.75
2015.12.24 05:23:35.437,1.00505,1.00532,1.37,1.75
2015.12.24 05:23:37.053,1.00504,1.00528,1.50,1.00
2015.12.24 05:23:37.893,1.00503,1.00532,2.25,1.75
2015.12.24 05:23:37.944,1.00507,1.0053,1.00,1.00
2015.12.24 05:23:45.616,1.00506,1.00532,1.37,1.75
2015.12.24 05:23:46.319,1.00506,1.00529,1.00,1.00
2015.12.24 05:23:47.500,1.00505,1.00529,1.00,1.00
2015.12.24 05:24:05.631,1.00503,1.00532,2.25,2.25
2015.12.24 05:24:06.138,1.00503,1.00532,2.25,2.25
2015.12.24 05:24:25.795,1.00504,1.00532,1.50,1.75
2015.12.24 05:25:03.243,1.00505,1.00532,1.12,1.75
2015.12.24 05:25:03.507,1.00507,1.00532,1.00,1.75
2015.12.24 05:25:06.705,1.00504,1.00532,1.50,1.75
2015.12.24 05:25:19.330,1.00505,1.00532,1.00,1.75
2015.12.24 05:25:20.006,1.00503,1.00531,2.25,1.75
2015.12.24 05:25:32.580,1.00505,1.00527,1.00,1.00
2015.12.24 05:25:35.309,1.00504,1.00527,1.50,1.00
2015.12.24 05:25:36.287,1.00504,1.00531,1.87,1.75
2015.12.24 05:25:38.091,1.00504,1.00531,2.25,1.75
2015.12.24 05:25:39.769,1.00504,1.00531,1.87,1.75
2015.12.24 05:25:40.614,1.00504,1.00531,1.00,1.75
2015.12.24 05:25:52.309,1.00504,1.00531,1.37,1.75
2015.12.24 05:25:53.265,1.00504,1.00531,1.00,1.75
2015.12.24 05:25:55.981,1.00505,1.00531,1.00,1.75
2015.12.24 05:25:56.782,1.00508,1.00534,1.00,1.75
2015.12.24 05:25:57.037,1.00508,1.00529,1.00,1.00
2015.12.24 05:25:57.413,1.00505,1.00529,1.50,1.00
2015.12.24 05:26:04.408,1.00505,1.00532,1.12,1.75
2015.12.24 05:26:04.959,1.00504,1.00532,1.12,2.25
2015.12.24 05:26:19.056,1.00504,1.00531,1.00,1.75
2015.12.24 05:26:36.333,1.00504,1.00531,1.00,1.75
2015.12.24 05:26:37.037,1.00504,1.00531,1.00,1.75
2015.12.24 05:26:42.121,1.00503,1.00531,1.00,1.75
2015.12.24 05:26:56.412,1.00503,1.00532,1.12,2.25
2015.12.24 05:27:07.524,1.00501,1.00529,1.12,1.75
2015.12.24 05:27:07.625,1.00498,1.00521,1.00,1.00
2015.12.24 05:27:07.827,1.00499,1.00523,1.00,1.00
2015.12.24 05:27:07.928,1.00498,1.00526,1.00,1.75
2015.12.24 05:27:08.282,1.00495,1.00524,1.75,1.75
2015.12.24 05:27:08.333,1.00495,1.00524,1.37,1.75
2015.12.24 05:27:08.384,1.00495,1.00524,1.00,1.75
2015.12.24 05:27:08.725,1.00494,1.00519,1.00,1.75
2015.12.24 05:27:09.176,1.00494,1.00512,1.00,1.00
2015.12.24 05:27:09.473,1.00494,1.0052,1.00,1.75
2015.12.24 05:27:25.733,1.00494,1.00519,1.00,1.75
2015.12.24 05:27:26.236,1.00493,1.0052,1.00,1.75
2015.12.24 05:27:26.338,1.00493,1.0052,1.00,1.75
2015.12.24 05:27:26.439,1.00493,1.0052,1.00,1.75
2015.12.24 05:27:27.156,1.00494,1.00513,1.00,1.00
2015.12.24 05:27:28.550,1.00493,1.00513,1.00,1.00
2015.12.24 05:27:35.374,1.00493,1.00517,1.12,1.75
2015.12.24 05:27:35.885,1.00489,1.00516,1.50,1.75
2015.12.24 05:27:35.936,1.00489,1.00516,1.50,1.75
2015.12.24 05:27:36.457,1.00485,1.00515,1.75,1.75
2015.12.24 05:27:38.883,1.00489,1.00515,1.00,1.75
2015.12.24 05:27:39.421,1.0049,1.00511,1.00,1.00
2015.12.24 05:27:39.471,1.00488,1.00511,1.75,1.00
2015.12.24 05:27:41.503,1.00486,1.00511,1.75,1.00
2015.12.24 05:27:41.554,1.00488,1.00511,1.75,1.00
2015.12.24 05:27:46.484,1.00488,1.00517,1.75,1.75
2015.12.24 05:27:46.585,1.00494,1.00521,1.00,1.75
2015.12.24 05:27:46.636,1.00494,1.00521,1.37,1.37
2015.12.24 05:27:46.687,1.00494,1.00521,1.75,1.00
2015.12.24 05:27:46.888,1.00496,1.00526,1.75,1.75
2015.12.24 05:27:46.939,1.005,1.00528,1.37,1.75
2015.12.24 05:27:46.989,1.00503,1.00526,1.00,1.00
2015.12.24 05:27:47.040,1.00502,1.00531,1.75,2.25
2015.12.24 05:27:47.091,1.00505,1.00529,1.00,1.00
2015.12.24 05:27:47.141,1.00505,1.00527,1.00,1.00
2015.12.24 05:28:01.215,1.00502,1.00527,1.50,1.50
2015.12.24 05:28:02.524,1.00504,1.0053,1.00,1.75
2015.12.24 05:28:11.558,1.00503,1.00527,1.12,1.50
2015.12.24 05:28:16.284,1.00503,1.00527,1.12,1.50
2015.12.24 05:28:24.153,1.00504,1.00527,1.00,1.00
2015.12.24 05:28:27.693,1.00503,1.00526,1.00,1.00
2015.12.24 05:28:39.276,1.00504,1.00531,1.00,2.25
2015.12.24 05:28:54.439,1.005,1.00527,1.75,1.12
2015.12.24 05:28:56.060,1.00502,1.00526,1.00,1.00
2015.12.24 05:29:16.369,1.005,1.00527,1.75,1.75
2015.12.24 05:29:25.595,1.00501,1.00526,1.75,1.00
2015.12.24 05:29:30.126,1.00501,1.00526,1.75,1.50
2015.12.24 05:29:45.781,1.00501,1.00526,1.50,1.37
2015.12.24 05:29:54.966,1.00505,1.00528,1.00,1.00
2015.12.24 05:29:55.168,1.00504,1.00531,2.25,1.50
2015.12.24 05:29:56.268,1.00506,1.00531,1.75,1.50
2015.12.24 05:29:56.777,1.00504,1.00532,1.75,2.25
2015.12.24 05:30:12.449,1.00504,1.00531,2.25,1.50
2015.12.24 05:30:12.862,1.00504,1.00531,1.50,1.75
2015.12.24 05:30:13.165,1.00504,1.00531,1.75,1.12
2015.12.24 05:30:18.689,1.00506,1.00532,1.75,1.00
2015.12.24 05:30:28.509,1.00506,1.00532,1.75,1.75
2015.12.24 05:30:28.984,1.00506,1.0053,1.00,1.00
2015.12.24 05:30:30.618,1.00504,1.00531,1.75,1.12
2015.12.24 05:30:35.223,1.00501,1.00526,1.75,1.00
2015.12.24 05:30:35.425,1.00501,1.00526,1.50,1.37
2015.12.24 05:30:36.736,1.005,1.00526,1.75,1.00
2015.12.24 05:30:37.272,1.00504,1.0053,1.50,1.75
2015.12.24 05:30:37.826,1.00504,1.00531,2.25,1.50
2015.12.24 05:30:38.201,1.00504,1.00531,2.25,1.12
2015.12.24 05:30:38.912,1.00504,1.00531,2.25,1.50
2015.12.24 05:30:42.532,1.00505,1.00536,1.75,1.75
2015.12.24 05:30:43.137,1.00508,1.00536,1.37,1.75
2015.12.24 05:30:44.325,1.00504,1.00532,1.50,2.25
2015.12.24 05:31:05.558,1.00504,1.00529,1.75,1.75
2015.12.24 05:31:11.479,1.00504,1.00531,1.75,1.75
2015.12.24 05:31:11.833,1.00505,1.00528,1.00,1.00
2015.12.24 05:31:36.420,1.00504,1.0053,1.50,1.75
2015.12.24 05:31:56.331,1.00504,1.0053,1.12,1.75
2015.12.24 05:32:18.007,1.00504,1.00527,1.00,1.00
2015.12.24 05:32:20.338,1.00498,1.00527,2.25,1.37
2015.12.24 05:32:20.389,1.00498,1.00527,2.25,1.75
2015.12.24 05:32:23.070,1.00499,1.00526,1.75,2.25
2015.12.24 05:32:25.692,1.00499,1.00526,2.25,1.75
2015.12.24 05:32:29.346,1.00502,1.00526,1.50,1.37
2015.12.24 05:32:29.447,1.00502,1.00526,1.75,1.00
2015.12.24 05:32:30.149,1.00503,1.00532,2.25,1.75
2015.12.24 05:32:30.201,1.00507,1.00532,1.00,1.75
2015.12.24 05:32:30.303,1.00508,1.00532,1.00,1.50
2015.12.24 05:32:30.455,1.00507,1.00536,1.50,2.25
2015.12.24 05:32:30.859,1.00503,1.00531,1.87,1.75
2015.12.24 05:32:30.910,1.00503,1.00531,1.12,1.75
2015.12.24 05:32:31.112,1.005,1.00531,1.75,1.75
2015.12.24 05:32:31.436,1.00498,1.00527,1.12,1.75
2015.12.24 05:32:32.208,1.00495,1.00521,1.75,1.00
2015.12.24 05:32:32.579,1.00498,1.00526,1.75,1.50
2015.12.24 05:32:46.301,1.00499,1.00526,1.50,1.75
2015.12.24 05:32:48.597,1.00498,1.00526,1.75,2.25
2015.12.24 05:32:51.318,1.00503,1.00526,1.00,1.00
2015.12.24 05:33:11.040,1.00504,1.00527,1.00,1.00
2015.12.24 05:33:16.357,1.00504,1.0053,1.12,1.75
2015.12.24 05:33:18.418,1.00499,1.00526,2.25,1.00
2015.12.24 05:33:45.592,1.00499,1.00526,1.75,1.12
2015.12.24 05:33:46.397,1.00498,1.00527,1.75,2.25
2015.12.24 05:33:47.878,1.00499,1.00526,1.75,1.12
2015.12.24 05:33:48.848,1.00504,1.00531,1.50,2.25
2015.12.24 05:34:05.512,1.00504,1.00528,1.50,1.00
2015.12.24 05:34:06.885,1.00504,1.00527,1.75,1.00
2015.12.24 05:34:25.645,1.00504,1.00527,1.50,1.00
2015.12.24 05:34:27.725,1.00499,1.00527,1.50,1.37
2015.12.24 05:34:27.775,1.00495,1.00526,1.75,1.75
2015.12.24 05:34:28.028,1.00495,1.00523,1.37,1.75
2015.12.24 05:34:28.078,1.00494,1.00518,1.00,1.00
2015.12.24 05:34:28.479,1.00489,1.00517,1.75,1.75
2015.12.24 05:34:28.681,1.00485,1.00515,1.75,1.75
2015.12.24 05:34:29.095,1.00483,1.00511,1.75,1.37
2015.12.24 05:34:29.146,1.0048,1.00511,1.75,1.75
2015.12.24 05:34:29.549,1.00484,1.00511,1.75,1.50
2015.12.24 05:34:30.254,1.00486,1.0051,1.50,1.00
2015.12.24 05:34:31.366,1.00487,1.0051,1.00,1.00
2015.12.24 05:34:31.770,1.00485,1.00515,1.50,1.75
2015.12.24 05:34:32.282,1.00482,1.00512,1.75,1.75
2015.12.24 05:34:35.686,1.00481,1.0051,1.75,1.75
2015.12.24 05:34:35.737,1.00481,1.0051,1.50,1.75
2015.12.24 05:34:39.520,1.00479,1.00506,1.50,1.50
2015.12.24 05:34:39.571,1.00479,1.00506,1.50,1.75
2015.12.24 05:34:39.826,1.00479,1.00508,1.75,1.75
2015.12.24 05:34:39.877,1.00482,1.00506,1.00,1.00
2015.12.24 05:34:39.928,1.00481,1.00511,1.75,1.75
2015.12.24 05:34:40.543,1.00484,1.00512,1.50,2.25
2015.12.24 05:34:50.463,1.00481,1.00512,1.37,2.25
2015.12.24 05:34:50.514,1.00476,1.00506,1.75,1.75
2015.12.24 05:34:50.565,1.00476,1.00506,1.37,1.75
2015.12.24 05:34:50.615,1.00476,1.00506,1.12,1.75
2015.12.24 05:34:50.717,1.00476,1.00501,1.00,1.75
2015.12.24 05:34:51.136,1.00472,1.00501,1.50,1.75
2015.12.24 05:34:51.985,1.00472,1.00501,1.75,2.25
2015.12.24 05:34:52.160,1.00475,1.00503,1.37,1.75
2015.12.24 05:34:52.211,1.00475,1.00503,1.75,1.75
2015.12.24 05:34:52.312,1.00475,1.00501,1.00,1.75
2015.12.24 05:34:52.766,1.00473,1.00502,1.75,2.25
2015.12.24 05:34:52.817,1.00477,1.00501,1.00,1.00
2015.12.24 05:34:52.868,1.00475,1.00502,1.37,1.75
2015.12.24 05:34:52.918,1.00475,1.00503,1.00,1.75
2015.12.24 05:34:56.540,1.00475,1.00499,1.50,1.00
2015.12.24 05:34:56.749,1.00476,1.00504,1.37,1.75
2015.12.24 05:34:57.256,1.00475,1.00503,1.75,1.75
2015.12.24 05:35:16.313,1.00475,1.005,1.75,1.00
2015.12.24 05:35:17.532,1.00472,1.00501,1.75,1.75
2015.12.24 05:35:19.759,1.00479,1.00502,1.00,1.00
2015.12.24 05:35:36.354,1.00474,1.00504,2.25,1.75
2015.12.24 05:36:05.724,1.00479,1.00503,1.00,1.50
2015.12.24 05:36:15.387,1.00475,1.00503,1.75,1.50
2015.12.24 05:36:15.922,1.00475,1.00503,1.75,1.75
2015.12.24 05:36:17.410,1.00477,1.00502,1.50,1.00
2015.12.24 05:36:21.114,1.00481,1.0051,1.00,1.75
2015.12.24 05:36:22.206,1.00481,1.00504,1.37,1.00
2015.12.24 05:36:56.287,1.00481,1.00511,1.50,2.25
2015.12.24 05:37:01.077,1.0048,1.00511,1.75,2.25
2015.12.24 05:37:01.647,1.0048,1.00511,1.75,2.25
2015.12.24 05:37:05.174,1.0048,1.00511,1.75,2.25
2015.12.24 05:37:05.325,1.00481,1.00511,1.75,2.25
2015.12.24 05:37:05.376,1.00481,1.00511,1.75,2.25
2015.12.24 05:37:05.629,1.00483,1.00511,1.75,1.12
2015.12.24 05:37:13.611,1.00482,1.00506,1.75,1.00
2015.12.24 05:37:13.712,1.00482,1.00506,1.75,1.00
2015.12.24 05:37:21.327,1.00483,1.00511,1.75,1.75
2015.12.24 05:37:25.902,1.00484,1.00512,1.75,1.75
2015.12.24 05:37:25.953,1.00487,1.0051,1.00,1.00
2015.12.24 05:37:35.177,1.00485,1.00514,1.75,1.75
2015.12.24 05:37:35.228,1.00489,1.00512,1.00,1.00
2015.12.24 05:37:36.254,1.00488,1.00516,1.75,1.75
2015.12.24 05:37:36.959,1.00488,1.00516,1.75,1.75
2015.12.24 05:37:53.150,1.0049,1.00517,1.00,2.25
2015.12.24 05:37:54.159,1.00485,1.00516,1.75,1.75
2015.12.24 05:37:54.704,1.00485,1.00516,1.75,1.75
2015.12.24 05:38:16.264,1.00486,1.00515,1.75,1.75
2015.12.24 05:38:36.292,1.00487,1.00513,1.75,1.00
2015.12.24 05:38:56.320,1.00486,1.00514,1.75,1.75
2015.12.24 05:38:59.249,1.00486,1.00514,1.75,1.75
2015.12.24 05:39:09.244,1.00482,1.00511,1.75,1.00
2015.12.24 05:39:09.790,1.00484,1.00515,2.25,1.75
2015.12.24 05:39:13.096,1.00487,1.00516,1.75,2.25
2015.12.24 05:39:36.956,1.00488,1.00516,1.37,2.25
2015.12.24 05:39:37.107,1.00487,1.0051,1.00,1.00
2015.12.24 05:39:37.208,1.00488,1.00516,1.37,2.25
2015.12.24 05:39:37.712,1.00488,1.0051,1.00,1.00
2015.12.24 05:39:43.245,1.00487,1.0051,1.00,1.00
2015.12.24 05:39:43.346,1.00488,1.00516,1.12,2.25
2015.12.24 05:39:50.471,1.00488,1.00516,1.50,2.25
2015.12.24 05:39:50.974,1.0049,1.00513,1.00,1.50
2015.12.24 05:40:05.655,1.00489,1.00512,1.00,1.00
2015.12.24 05:40:08.964,1.00489,1.00511,1.00,1.00
2015.12.24 05:40:10.071,1.00489,1.00512,1.00,1.00
2015.12.24 05:40:10.575,1.00488,1.00516,1.75,2.25
2015.12.24 05:40:10.683,1.00488,1.00516,1.75,2.25
2015.12.24 05:40:25.554,1.00486,1.00515,1.75,1.75
2015.12.24 05:40:26.667,1.00486,1.00515,1.75,1.75
2015.12.24 05:40:32.155,1.00487,1.00511,1.75,1.00
2015.12.24 05:40:33.817,1.00487,1.00516,1.75,1.75
2015.12.24 05:40:35.635,1.00487,1.00516,1.50,1.75
2015.12.24 05:40:45.700,1.00487,1.00516,1.75,1.75
2015.12.24 05:40:54.533,1.00488,1.00516,1.75,1.75
2015.12.24 05:41:16.160,1.00487,1.00515,1.75,1.75
2015.12.24 05:41:18.353,1.00488,1.00516,1.12,1.75
2015.12.24 05:41:22.092,1.00486,1.00514,1.75,1.75
2015.12.24 05:41:22.193,1.00486,1.00514,1.12,1.75
2015.12.24 05:41:22.445,1.00486,1.00514,1.37,1.75
2015.12.24 05:41:23.214,1.00487,1.00515,1.75,1.75
2015.12.24 05:41:26.167,1.00487,1.00515,1.50,1.75
2015.12.24 05:41:45.833,1.00485,1.00515,1.75,1.75
2015.12.24 05:42:00.904,1.00489,1.00512,1.00,1.00
2015.12.24 05:42:16.684,1.00489,1.00518,1.37,1.75
2015.12.24 05:42:36.393,1.0049,1.00513,1.00,1.00
2015.12.24 05:42:54.679,1.00489,1.00517,1.50,1.75
2015.12.24 05:43:16.407,1.00489,1.00516,1.12,1.75
2015.12.24 05:43:19.466,1.00495,1.00523,1.75,2.25
2015.12.24 05:43:19.517,1.00494,1.00516,1.00,1.00
2015.12.24 05:43:19.719,1.00487,1.00517,1.75,1.75
2015.12.24 05:43:19.921,1.00484,1.00512,1.87,1.75
2015.12.24 05:43:20.123,1.00482,1.00511,1.37,2.25
2015.12.24 05:43:20.325,1.00481,1.00509,1.12,1.75
2015.12.24 05:43:23.655,1.00484,1.00509,1.00,1.75
2015.12.24 05:43:23.857,1.00484,1.00512,1.12,1.75
2015.12.24 05:43:24.464,1.00485,1.00514,1.12,1.75
2015.12.24 05:43:59.372,1.00484,1.00512,1.75,1.50
2015.12.24 05:43:59.474,1.00485,1.00514,1.75,1.75
2015.12.24 05:43:59.998,1.00492,1.0052,1.75,1.75
2015.12.24 05:44:00.301,1.00491,1.0052,1.50,1.75
2015.12.24 05:44:00.824,1.00493,1.0052,1.00,1.75
2015.12.24 05:44:09.074,1.00493,1.0052,1.50,1.75
2015.12.24 05:44:09.412,1.00494,1.00517,1.00,1.75
2015.12.24 05:44:09.716,1.00489,1.00517,1.00,2.25
2015.12.24 05:44:11.185,1.0049,1.00513,1.00,1.00
2015.12.24 05:44:22.928,1.00493,1.00513,1.00,1.00
2015.12.24 05:44:24.515,1.00494,1.00513,1.00,1.00
2015.12.24 05:44:24.819,1.00494,1.00518,1.00,1.75
2015.12.24 05:44:27.238,1.00493,1.00519,1.00,1.75
2015.12.24 05:44:27.641,1.00491,1.00517,1.00,1.75
2015.12.24 05:44:27.692,1.00489,1.00517,1.12,2.25
2015.12.24 05:44:28.251,1.00488,1.00517,1.75,1.75
2015.12.24 05:44:28.631,1.00493,1.00518,1.00,1.75
2015.12.24 05:44:30.147,1.00493,1.00518,1.00,1.75
2015.12.24 05:44:30.348,1.0049,1.00513,1.00,1.00
2015.12.24 05:44:31.185,1.00493,1.00513,1.00,1.00
2015.12.24 05:44:32.347,1.00489,1.00516,1.75,1.50
2015.12.24 05:44:32.450,1.0049,1.00513,1.00,1.00
2015.12.24 05:44:33.529,1.00491,1.00515,1.00,1.00
2015.12.24 05:44:33.807,1.00494,1.00515,1.00,1.00
2015.12.24 05:44:34.038,1.00491,1.00515,1.00,1.00
2015.12.24 05:44:34.491,1.00494,1.00515,1.00,1.00
2015.12.24 05:44:43.562,1.00494,1.00511,1.00,1.00
2015.12.24 05:44:45.582,1.00494,1.00517,1.00,1.75
2015.12.24 05:44:49.013,1.00489,1.00516,1.50,1.75
2015.12.24 05:44:49.064,1.00489,1.00515,1.00,1.75
2015.12.24 05:45:12.312,1.00493,1.00515,1.00,1.75
2015.12.24 05:45:12.614,1.00493,1.00516,1.00,1.75
2015.12.24 05:45:13.637,1.00489,1.00516,1.87,1.75
2015.12.24 05:45:14.087,1.00493,1.00517,1.00,1.75
2015.12.24 05:45:16.702,1.00493,1.00517,1.50,1.75
2015.12.24 05:45:21.245,1.00493,1.00517,1.00,1.75
2015.12.24 05:45:22.330,1.00494,1.00517,1.00,1.75
2015.12.24 05:45:24.331,1.00493,1.00519,1.00,1.75
2015.12.24 05:45:27.741,1.00494,1.00518,1.00,1.75
2015.12.24 05:45:29.697,1.00494,1.00519,1.00,1.75
2015.12.24 05:45:40.639,1.00494,1.00519,1.00,1.75
2015.12.24 05:45:43.675,1.00494,1.00519,1.00,1.75
2015.12.24 05:45:44.201,1.00494,1.00518,1.00,1.75
2015.12.24 05:45:45.024,1.00494,1.00519,1.00,1.75
2015.12.24 05:45:45.892,1.00494,1.00515,1.00,1.00
2015.12.24 05:45:46.044,1.00494,1.00519,1.00,1.75
2015.12.24 05:45:47.074,1.00489,1.00516,1.50,1.75
2015.12.24 05:45:47.370,1.00489,1.00514,1.50,1.00
2015.12.24 05:45:47.740,1.00494,1.00518,1.00,1.75
2015.12.24 05:46:07.678,1.00494,1.0052,1.50,1.75
2015.12.24 05:46:23.300,1.00493,1.00521,1.75,1.75
2015.12.24 05:46:44.535,1.00494,1.00518,1.50,1.00
2015.12.24 05:46:56.174,1.00494,1.00521,1.50,1.75
2015.12.24 05:46:56.225,1.00496,1.0052,1.00,1.00
2015.12.24 05:46:59.379,1.00494,1.00521,1.75,1.37
2015.12.24 05:46:59.430,1.00494,1.00521,1.75,1.37
2015.12.24 05:46:59.940,1.00501,1.00521,1.00,1.00
2015.12.24 05:47:00.868,1.00501,1.00524,1.00,1.00
2015.12.24 05:47:10.616,1.00499,1.00523,1.50,1.12
2015.12.24 05:47:10.667,1.00499,1.00523,1.50,1.50
2015.12.24 05:47:16.307,1.00499,1.00524,1.50,1.37
2015.12.24 05:47:16.358,1.00499,1.00524,1.75,1.37
2015.12.24 05:47:26.694,1.00498,1.00526,1.75,1.12
2015.12.24 05:47:29.969,1.00501,1.00524,1.00,1.00
2015.12.24 05:47:32.568,1.005,1.00528,1.75,1.75
2015.12.24 05:47:56.329,1.00502,1.00526,1.00,1.00
2015.12.24 05:47:59.775,1.00498,1.00527,1.75,1.75
2015.12.24 05:47:59.826,1.00498,1.00527,1.75,1.75
2015.12.24 05:48:03.492,1.005,1.00527,1.75,1.75
2015.12.24 05:48:05.900,1.00496,1.00526,1.75,1.75
2015.12.24 05:48:05.950,1.00496,1.00526,1.75,1.75
2015.12.24 05:48:09.938,1.00493,1.00524,1.75,1.75
2015.12.24 05:48:12.190,1.00493,1.00521,1.75,2.25
2015.12.24 05:48:12.242,1.00494,1.00517,1.00,1.00
2015.12.24 05:48:26.084,1.00495,1.00521,1.37,1.37
2015.12.24 05:48:26.140,1.00495,1.00524,1.75,1.00
2015.12.24 05:48:26.241,1.00505,1.00527,1.00,1.00
2015.12.24 05:48:26.779,1.00505,1.00528,1.00,1.00
2015.12.24 05:48:45.787,1.00504,1.00533,2.25,1.75
2015.12.24 05:49:01.194,1.00505,1.00529,1.50,1.00
2015.12.24 05:49:01.245,1.00505,1.00535,1.50,1.75
2015.12.24 05:49:01.296,1.00509,1.00532,1.00,1.00
2015.12.24 05:49:02.015,1.00511,1.00539,1.37,1.75
2015.12.24 05:49:02.066,1.00512,1.00536,1.00,1.00
2015.12.24 05:49:03.283,1.00511,1.00539,1.75,1.75
2015.12.24 05:49:03.586,1.0051,1.00538,1.50,1.75
2015.12.24 05:49:08.720,1.00506,1.00534,1.75,1.75
2015.12.24 05:49:10.157,1.00504,1.00533,2.25,1.75
2015.12.24 05:49:10.208,1.00506,1.0053,1.00,1.00
2015.12.24 05:49:11.360,1.00503,1.00532,2.25,1.75
2015.12.24 05:49:11.866,1.00505,1.00534,1.75,1.75
2015.12.24 05:49:13.489,1.00505,1.00535,1.75,1.75
2015.12.24 05:49:13.540,1.0051,1.00533,1.00,1.00
2015.12.24 05:49:21.491,1.00504,1.00533,1.75,1.50
2015.12.24 05:49:21.543,1.00503,1.00533,1.75,1.75
2015.12.24 05:49:21.644,1.00503,1.00533,1.75,1.75
2015.12.24 05:49:25.613,1.00506,1.0053,1.00,1.00
2015.12.24 05:49:45.629,1.00503,1.00532,2.25,1.75
2015.12.24 05:49:55.469,1.00506,1.00534,1.75,1.75
2015.12.24 05:49:55.520,1.0051,1.00533,1.00,1.50
2015.12.24 05:49:55.571,1.00503,1.00533,2.25,1.50
2015.12.24 05:49:55.874,1.00509,1.00536,1.75,1.50
2015.12.24 05:49:56.773,1.00509,1.00536,1.75,1.12
2015.12.24 05:49:56.875,1.00511,1.00541,1.75,2.25
2015.12.24 05:49:56.926,1.00511,1.00541,1.75,2.25
2015.12.24 05:50:02.543,1.00513,1.00542,2.25,1.50
2015.12.24 05:50:02.594,1.00519,1.00542,1.00,1.50
2015.12.24 05:50:05.526,1.00513,1.00542,2.25,1.50
2015.12.24 05:50:06.028,1.00513,1.00542,2.25,1.75
2015.12.24 05:50:25.711,1.00514,1.00543,1.75,1.75
2015.12.24 05:51:01.270,1.00514,1.00543,2.25,1.75
2015.12.24 05:51:16.406,1.00514,1.00543,1.75,1.75
2015.12.24 05:51:36.457,1.00515,1.00545,1.75,1.75
2015.12.24 05:51:56.311,1.00514,1.00544,1.75,1.75
2015.12.24 05:52:38.976,1.00515,1.00543,1.50,1.75
2015.12.24 05:52:45.715,1.00514,1.0054,2.25,1.00
2015.12.24 05:52:51.287,1.00514,1.00543,1.50,1.75
2015.12.24 05:52:51.388,1.00513,1.00541,1.50,1.75
2015.12.24 05:52:51.489,1.00513,1.00538,1.12,1.37
2015.12.24 05:52:51.894,1.0051,1.00534,1.00,1.00
2015.12.24 05:52:57.004,1.00505,1.00535,1.75,1.75
2015.12.24 05:52:57.105,1.00504,1.00533,1.75,1.75
2015.12.24 05:53:16.555,1.00508,1.00531,1.00,1.00
2015.12.24 05:53:25.933,1.00504,1.00532,1.75,1.75
2015.12.24 05:53:25.984,1.00506,1.0053,1.00,1.00
2015.12.24 05:53:36.702,1.00503,1.00532,2.25,1.75
2015.12.24 05:53:37.214,1.00508,1.00531,1.00,1.00
2015.12.24 05:53:51.779,1.00503,1.0053,1.75,1.12
2015.12.24 05:53:52.471,1.00507,1.00529,1.00,1.00
2015.12.24 05:53:58.771,1.00507,1.0053,1.00,1.50
2015.12.24 05:54:16.336,1.00503,1.0053,1.75,1.50
2015.12.24 05:54:25.743,1.005,1.0053,1.75,1.75
2015.12.24 05:54:45.098,1.00502,1.00528,1.75,1.00
2015.12.24 05:54:53.289,1.00505,1.00534,1.75,1.75
2015.12.24 05:54:57.996,1.00504,1.00531,1.75,1.50
2015.12.24 05:55:16.304,1.00506,1.0053,1.00,1.00
2015.12.24 05:55:32.185,1.00504,1.0053,1.75,1.00
2015.12.24 05:55:40.744,1.00505,1.00535,1.75,1.75
2015.12.24 05:55:41.138,1.00509,1.00533,1.00,1.00
2015.12.24 05:55:41.290,1.00504,1.00533,2.25,1.75
2015.12.24 05:55:42.173,1.00504,1.00531,2.25,1.00
2015.12.24 05:55:49.007,1.00504,1.00532,1.75,1.37
2015.12.24 05:55:49.823,1.00504,1.00534,1.75,1.75
2015.12.24 05:56:05.573,1.00504,1.00534,2.25,1.75
2015.12.24 05:56:06.272,1.00504,1.00534,2.25,1.75
2015.12.24 05:56:25.616,1.00505,1.00533,1.75,1.00
2015.12.24 05:56:35.752,1.00508,1.00537,2.25,1.75
2015.12.24 05:56:35.803,1.00511,1.00535,1.00,1.00
2015.12.24 05:56:38.510,1.00511,1.00534,1.00,1.00
2015.12.24 05:56:38.561,1.00508,1.00534,1.50,1.75
2015.12.24 05:56:40.457,1.00506,1.0053,1.50,1.00
2015.12.24 05:56:40.558,1.00505,1.00528,1.00,1.00
2015.12.24 05:56:45.864,1.00503,1.00527,1.00,1.00
2015.12.24 05:57:01.691,1.00503,1.00529,1.75,1.12
2015.12.24 05:57:12.199,1.00504,1.00531,2.25,1.12
2015.12.24 05:57:16.797,1.00509,1.00532,1.37,1.00
2015.12.24 05:57:25.339,1.00509,1.00537,1.12,2.25
2015.12.24 05:57:25.868,1.00508,1.00534,1.00,1.75
2015.12.24 05:57:42.497,1.00509,1.00534,1.00,1.75
2015.12.24 05:57:43.000,1.00509,1.0053,1.00,1.00
2015.12.24 05:57:53.312,1.00508,1.0053,1.50,1.00
2015.12.24 05:58:01.239,1.00509,1.0053,1.00,1.00
2015.12.24 05:58:01.547,1.00511,1.00534,1.00,1.00
2015.12.24 05:58:01.648,1.00511,1.00542,1.37,1.75
2015.12.24 05:58:01.699,1.00511,1.00542,1.75,1.75
2015.12.24 05:58:02.599,1.00519,1.00543,1.00,1.75
2015.12.24 05:58:03.008,1.00513,1.00541,1.75,1.75
2015.12.24 05:58:03.160,1.00513,1.0054,1.50,1.75
2015.12.24 05:58:03.363,1.00513,1.00536,1.37,1.00
2015.12.24 05:58:04.652,1.00513,1.00539,1.00,1.75
2015.12.24 05:58:06.092,1.00514,1.00542,1.12,2.25
2015.12.24 05:58:07.517,1.00519,1.00542,1.00,1.75
2015.12.24 05:58:16.079,1.00513,1.00542,1.37,2.25
2015.12.24 05:58:16.689,1.00514,1.00542,1.50,2.25
2015.12.24 05:58:16.740,1.00519,1.00543,1.00,1.75
2015.12.24 05:58:17.093,1.00514,1.00541,2.25,1.75
2015.12.24 05:58:18.074,1.00514,1.00541,1.50,2.25
2015.12.24 05:58:18.225,1.00515,1.00538,1.00,1.00
2015.12.24 05:58:18.595,1.00514,1.00541,1.12,2.25
2015.12.24 05:58:19.920,1.00513,1.00542,1.75,2.25
2015.12.24 05:58:21.744,1.00513,1.00542,1.37,2.25
2015.12.24 05:58:22.075,1.00519,1.00542,1.00,1.75
2015.12.24 05:58:22.698,1.00513,1.00541,1.37,1.75
2015.12.24 05:58:25.458,1.00519,1.00541,1.00,1.75
2015.12.24 05:58:25.509,1.00519,1.00541,1.00,1.75
2015.12.24 05:58:25.610,1.00519,1.00541,1.00,1.75
2015.12.24 05:58:25.661,1.00514,1.00539,1.00,1.75
2015.12.24 05:58:37.450,1.00514,1.00541,1.50,1.75
2015.12.24 05:58:37.608,1.00513,1.00539,1.75,1.00
2015.12.24 05:58:37.929,1.00519,1.00546,1.00,2.25
2015.12.24 05:58:38.238,1.0052,1.00546,1.37,1.75
2015.12.24 05:58:38.340,1.00523,1.00546,1.00,1.00
2015.12.24 05:58:38.665,1.00521,1.00545,1.00,1.00
2015.12.24 05:58:38.767,1.00523,1.00545,1.00,1.00
2015.12.24 05:58:39.755,1.00523,1.00551,1.75,1.75
2015.12.24 05:58:41.031,1.00523,1.00552,2.25,2.25
2015.12.24 05:58:45.427,1.00528,1.00551,1.00,1.75
2015.12.24 05:58:56.360,1.00528,1.00554,1.00,1.75
2015.12.24 05:59:09.177,1.00528,1.00553,1.12,1.75
2015.12.24 05:59:11.242,1.00529,1.00553,1.00,1.75
2015.12.24 05:59:14.092,1.00529,1.00553,1.12,1.75
2015.12.24 05:59:14.506,1.00536,1.00559,1.00,1.00
2015.12.24 05:59:14.894,1.00534,1.00561,1.75,1.87
2015.12.24 05:59:14.996,1.00536,1.00568,1.75,1.75
2015.12.24 05:59:15.382,1.00544,1.00568,1.12,1.75
2015.12.24 05:59:16.352,1.00544,1.00565,1.00,1.00
2015.12.24 05:59:16.953,1.00544,1.00564,1.00,1.00
2015.12.24 05:59:17.253,1.00539,1.00562,1.50,1.00
2015.12.24 05:59:17.505,1.00538,1.00566,1.87,1.75
2015.12.24 05:59:18.027,1.00539,1.00566,1.00,2.25
2015.12.24 05:59:22.531,1.00538,1.00566,1.87,1.75
2015.12.24 05:59:23.082,1.00538,1.00566,1.50,1.75
2015.12.24 05:59:25.070,1.00535,1.00563,1.12,1.75
2015.12.24 05:59:25.413,1.00534,1.00562,1.12,1.75
2015.12.24 05:59:28.187,1.00534,1.00562,1.00,1.75
2015.12.24 05:59:28.238,1.00528,1.00556,2.25,1.75
2015.12.24 05:59:28.288,1.00528,1.00556,1.87,1.75
2015.12.24 05:59:28.339,1.00528,1.0055,1.00,1.00
2015.12.24 05:59:28.440,1.00526,1.00555,1.00,1.75
2015.12.24 05:59:34.722,1.00528,1.00557,1.00,2.25
2015.12.24 05:59:36.037,1.0053,1.00557,1.00,1.75
2015.12.24 05:59:36.138,1.00533,1.00556,1.00,1.50
2015.12.24 05:59:36.341,1.00533,1.00563,1.75,1.75
2015.12.24 05:59:36.442,1.00536,1.00566,1.75,1.75
2015.12.24 05:59:36.913,1.00538,1.00566,1.12,2.25
2015.12.24 05:59:38.887,1.00539,1.00567,1.00,1.75
2015.12.24 05:59:39.439,1.00537,1.00567,1.50,2.25
2015.12.24 05:59:40.245,1.00539,1.00567,1.00,2.25
2015.12.24 05:59:40.346,1.00537,1.00567,1.50,1.75
2015.12.24 05:59:41.090,1.00539,1.00567,1.00,1.75
2015.12.24 05:59:46.035,1.00537,1.00567,1.50,2.25
2015.12.24 05:59:56.568,1.00538,1.00566,1.50,1.75
2015.12.24 05:59:58.655,1.00539,1.00562,1.00,1.00
2015.12.24 05:59:58.907,1.00541,1.00562,1.00,1.00
2015.12.24 05:59:58.958,1.00541,1.00564,1.00,1.00
2015.12.24 05:59:59.009,1.00543,1.00564,1.00,1.00
