2014.08.07 10:00:00.672,1.0129,1.01312,1.50,2.03
2014.08.07 10:00:01.189,1.01291,1.01312,1.50,2.03
2014.08.07 10:00:01.899,1.0129,1.01312,1.58,2.03
2014.08.07 10:00:06.911,1.01289,1.01311,1.18,1.13
2014.08.07 10:00:07.179,1.01294,1.01311,1.00,1.00
2014.08.07 10:00:07.380,1.01298,1.01318,1.00,2.70
2014.08.07 10:00:07.790,1.01296,1.0132,2.33,1.55
2014.08.07 10:00:08.012,1.01296,1.0132,1.08,1.48
2014.08.07 10:00:11.024,1.01296,1.01318,1.15,1.38
2014.08.07 10:00:11.284,1.01296,1.01317,1.10,1.38
2014.08.07 10:00:17.153,1.01298,1.01318,1.00,1.48
2014.08.07 10:00:30.120,1.01296,1.01318,1.10,1.48
2014.08.07 10:00:36.630,1.01295,1.01319,1.20,1.53
2014.08.07 10:00:44.347,1.01298,1.01319,1.00,1.53
2014.08.07 10:00:44.885,1.01298,1.01319,2.25,1.53
2014.08.07 10:00:47.754,1.01298,1.01319,2.33,1.20
2014.08.07 10:00:58.196,1.01298,1.01317,1.10,1.00
2014.08.07 10:01:01.065,1.01303,1.01317,1.00,1.00
2014.08.07 10:01:01.267,1.01303,1.0132,1.00,1.55
2014.08.07 10:01:04.960,1.01303,1.01321,1.00,1.53
2014.08.07 10:01:05.111,1.01295,1.01316,1.50,1.20
2014.08.07 10:01:05.212,1.01293,1.01316,1.10,1.15
2014.08.07 10:01:11.624,1.01298,1.01314,1.00,1.10
2014.08.07 10:01:13.031,1.01298,1.01321,1.00,1.53
2014.08.07 10:01:13.549,1.01298,1.01321,1.00,1.28
2014.08.07 10:01:15.754,1.01298,1.01321,1.10,1.20
2014.08.07 10:01:15.804,1.01298,1.01321,1.08,1.13
2014.08.07 10:01:22.561,1.01299,1.01323,2.78,1.30
2014.08.07 10:01:25.338,1.01301,1.01323,1.00,1.30
2014.08.07 10:01:26.129,1.01304,1.01323,1.00,1.43
2014.08.07 10:01:26.432,1.01309,1.01323,1.00,1.00
2014.08.07 10:01:26.583,1.01304,1.01324,1.00,1.13
2014.08.07 10:01:26.939,1.01301,1.01323,1.20,1.00
2014.08.07 10:01:39.271,1.01301,1.01323,1.18,1.13
2014.08.07 10:01:40.738,1.01301,1.01323,1.15,1.13
2014.08.07 10:01:45.598,1.01304,1.01323,1.00,1.00
2014.08.07 10:01:54.633,1.01305,1.01325,1.50,1.38
2014.08.07 10:01:54.684,1.01305,1.01325,1.50,1.13
2014.08.07 10:01:55.187,1.01304,1.01325,1.10,1.13
2014.08.07 10:01:56.058,1.01304,1.01325,1.10,1.38
2014.08.07 10:02:07.120,1.01304,1.01325,1.10,1.38
2014.08.07 10:02:13.403,1.01304,1.01325,1.50,1.45
2014.08.07 10:02:22.180,1.01303,1.01325,1.10,1.45
2014.08.07 10:02:22.681,1.01304,1.01325,1.50,1.45
2014.08.07 10:02:23.802,1.01304,1.01325,1.50,1.45
2014.08.07 10:02:24.331,1.01303,1.01323,1.10,1.13
2014.08.07 10:02:26.459,1.01304,1.01323,1.50,1.13
2014.08.07 10:02:26.972,1.01303,1.01323,1.10,1.13
2014.08.07 10:02:33.980,1.01303,1.01323,1.00,1.38
2014.08.07 10:02:43.327,1.01301,1.01322,1.10,1.13
2014.08.07 10:02:46.118,1.01304,1.01325,1.00,1.55
2014.08.07 10:02:46.297,1.01301,1.01321,1.10,1.00
2014.08.07 10:02:47.397,1.01304,1.01325,1.00,1.55
2014.08.07 10:02:47.448,1.01304,1.01325,1.00,1.55
2014.08.07 10:02:49.163,1.01301,1.01322,1.10,1.00
2014.08.07 10:02:54.341,1.013,1.01321,1.08,1.00
2014.08.07 10:03:01.327,1.01303,1.01321,1.00,1.00
2014.08.07 10:03:02.691,1.01303,1.01322,1.00,1.20
2014.08.07 10:03:07.807,1.01303,1.01321,1.10,1.00
2014.08.07 10:03:12.150,1.013,1.01321,1.65,1.00
2014.08.07 10:03:13.114,1.013,1.01322,1.18,1.10
2014.08.07 10:03:22.714,1.013,1.01322,1.00,1.18
2014.08.07 10:03:23.328,1.013,1.01322,1.10,1.00
2014.08.07 10:03:31.376,1.01304,1.01322,1.00,1.20
2014.08.07 10:03:31.946,1.01304,1.01324,1.00,1.48
2014.08.07 10:03:32.348,1.01302,1.01322,1.00,1.13
2014.08.07 10:03:32.449,1.013,1.01322,1.10,1.50
2014.08.07 10:03:36.776,1.01301,1.01322,1.00,1.00
2014.08.07 10:03:36.877,1.01304,1.01327,1.00,1.28
2014.08.07 10:03:37.079,1.01305,1.01327,2.33,1.10
2014.08.07 10:03:37.180,1.01305,1.01327,2.40,1.00
2014.08.07 10:03:37.362,1.01306,1.01331,1.18,2.03
2014.08.07 10:03:41.725,1.01309,1.0133,1.00,1.18
2014.08.07 10:03:46.977,1.01307,1.0133,1.20,1.18
2014.08.07 10:03:55.897,1.01309,1.0133,1.00,1.18
2014.08.07 10:03:56.346,1.01307,1.0133,1.10,1.18
2014.08.07 10:03:57.746,1.01307,1.0133,1.10,1.18
2014.08.07 10:04:02.596,1.01309,1.0133,1.00,1.15
2014.08.07 10:04:07.592,1.01307,1.0133,1.10,1.15
2014.08.07 10:04:12.489,1.01309,1.0133,1.50,1.15
2014.08.07 10:04:13.917,1.01307,1.0133,1.10,1.15
2014.08.07 10:04:14.269,1.01309,1.0133,1.50,1.15
2014.08.07 10:04:14.685,1.01305,1.01327,1.08,1.95
2014.08.07 10:04:14.736,1.01303,1.01325,2.25,1.20
2014.08.07 10:04:14.837,1.01304,1.01327,1.00,1.53
2014.08.07 10:04:15.198,1.01304,1.01323,1.15,1.00
2014.08.07 10:04:15.300,1.01304,1.01323,1.00,1.10
2014.08.07 10:04:15.666,1.01302,1.01323,1.00,1.10
2014.08.07 10:04:16.019,1.01304,1.01323,1.50,1.10
2014.08.07 10:04:17.437,1.01302,1.01323,1.13,1.10
2014.08.07 10:04:17.969,1.01303,1.01323,2.25,1.10
2014.08.07 10:04:19.356,1.01302,1.01323,2.25,1.10
2014.08.07 10:04:21.882,1.01304,1.01323,1.00,1.10
2014.08.07 10:04:23.408,1.01302,1.01323,1.00,1.10
2014.08.07 10:04:23.458,1.01304,1.01327,1.10,1.45
2014.08.07 10:04:23.509,1.01304,1.01327,1.18,1.38
2014.08.07 10:04:23.609,1.01304,1.01328,3.15,1.00
2014.08.07 10:04:25.807,1.01309,1.01328,1.00,1.00
2014.08.07 10:04:26.440,1.01309,1.01329,1.00,1.10
2014.08.07 10:04:27.189,1.01309,1.01329,1.08,1.00
2014.08.07 10:04:27.581,1.01307,1.01326,1.15,1.00
2014.08.07 10:04:31.335,1.01309,1.01329,1.18,1.00
2014.08.07 10:04:31.486,1.0131,1.01331,1.20,1.00
2014.08.07 10:04:32.042,1.01309,1.0133,1.65,1.00
2014.08.07 10:04:32.962,1.01309,1.0133,1.65,1.00
2014.08.07 10:04:34.782,1.01309,1.0133,1.58,1.10
2014.08.07 10:04:35.776,1.01306,1.0133,1.28,2.40
2014.08.07 10:04:35.827,1.01306,1.0133,1.28,1.15
2014.08.07 10:04:36.544,1.01306,1.0133,1.28,1.00
2014.08.07 10:04:37.056,1.01308,1.01331,1.65,1.10
2014.08.07 10:04:38.407,1.01307,1.0133,1.15,1.00
2014.08.07 10:04:38.508,1.01307,1.0133,1.20,1.20
2014.08.07 10:04:39.099,1.01307,1.0133,1.18,1.00
2014.08.07 10:04:42.349,1.01308,1.0133,1.10,1.08
2014.08.07 10:04:43.293,1.01307,1.0133,1.28,1.00
2014.08.07 10:04:50.132,1.01309,1.01326,1.18,1.00
2014.08.07 10:04:50.385,1.01304,1.01326,1.15,1.50
2014.08.07 10:04:50.485,1.01303,1.01325,1.15,1.00
2014.08.07 10:04:51.217,1.01303,1.01321,1.15,1.00
2014.08.07 10:04:51.655,1.01303,1.01325,1.15,1.00
2014.08.07 10:04:57.134,1.01303,1.01325,1.00,1.20
2014.08.07 10:04:57.666,1.01304,1.01325,1.00,1.20
2014.08.07 10:04:58.807,1.01301,1.01325,2.40,1.20
2014.08.07 10:04:58.909,1.01301,1.01325,1.15,1.58
2014.08.07 10:04:59.673,1.01301,1.01325,1.15,1.58
2014.08.07 10:04:59.832,1.01301,1.01325,1.15,1.28
2014.08.07 10:05:00.054,1.01301,1.01325,1.15,1.58
2014.08.07 10:05:00.162,1.01301,1.01325,1.15,1.28
2014.08.07 10:05:01.001,1.01301,1.01325,1.15,1.20
2014.08.07 10:05:01.303,1.01308,1.01326,1.10,1.38
2014.08.07 10:05:01.760,1.01308,1.0133,1.15,1.50
2014.08.07 10:05:02.322,1.01308,1.0133,1.15,1.00
2014.08.07 10:05:02.836,1.01308,1.0133,1.08,1.20
2014.08.07 10:05:04.049,1.01308,1.0133,1.00,1.20
2014.08.07 10:05:04.201,1.01302,1.01321,1.20,1.00
2014.08.07 10:05:04.724,1.01302,1.01322,1.10,1.00
2014.08.07 10:05:05.229,1.01301,1.01322,1.00,1.00
2014.08.07 10:05:06.929,1.01299,1.01322,1.28,3.00
2014.08.07 10:05:13.111,1.01299,1.01321,2.03,1.00
2014.08.07 10:05:21.573,1.01304,1.01322,1.00,1.00
2014.08.07 10:05:22.927,1.013,1.01322,1.10,1.00
2014.08.07 10:05:23.252,1.013,1.01322,1.15,1.00
2014.08.07 10:05:29.823,1.01303,1.01323,1.00,1.00
2014.08.07 10:05:30.336,1.01303,1.01324,1.20,1.00
2014.08.07 10:05:31.374,1.01302,1.01321,1.15,1.00
2014.08.07 10:05:31.974,1.01302,1.01321,1.10,1.00
2014.08.07 10:05:37.896,1.01303,1.01323,1.00,1.00
2014.08.07 10:05:38.459,1.01303,1.01323,1.00,1.18
2014.08.07 10:05:39.414,1.01301,1.01322,1.10,1.10
2014.08.07 10:05:44.334,1.01301,1.0132,1.10,1.50
2014.08.07 10:05:45.853,1.01301,1.01322,1.10,1.10
2014.08.07 10:05:45.904,1.01304,1.01323,1.00,2.40
2014.08.07 10:05:47.313,1.01301,1.01322,1.10,1.10
2014.08.07 10:05:47.414,1.01301,1.01319,1.10,1.50
2014.08.07 10:05:47.953,1.01301,1.0132,1.10,1.50
2014.08.07 10:05:50.962,1.01298,1.01318,1.28,1.00
2014.08.07 10:05:51.114,1.01298,1.01317,1.18,1.50
2014.08.07 10:05:51.375,1.01298,1.0132,1.65,2.33
2014.08.07 10:05:54.935,1.01298,1.0132,1.65,1.00
2014.08.07 10:05:55.694,1.01299,1.01322,1.15,1.10
2014.08.07 10:05:57.184,1.01299,1.01318,1.15,1.50
2014.08.07 10:05:57.293,1.01299,1.0132,1.15,1.50
2014.08.07 10:06:04.117,1.01299,1.01322,1.15,1.10
2014.08.07 10:06:04.234,1.01304,1.01323,1.00,1.18
2014.08.07 10:06:04.782,1.01299,1.01321,1.65,1.00
2014.08.07 10:06:05.654,1.01299,1.01318,1.65,1.50
2014.08.07 10:06:05.790,1.01299,1.0132,1.65,1.50
2014.08.07 10:06:20.980,1.01299,1.0132,1.50,1.50
2014.08.07 10:06:48.573,1.01305,1.01325,1.00,2.03
2014.08.07 10:06:48.624,1.01305,1.01325,1.00,1.95
2014.08.07 10:06:48.675,1.01305,1.01325,1.00,1.88
2014.08.07 10:06:48.725,1.01305,1.01325,1.08,1.88
2014.08.07 10:06:49.028,1.01309,1.01327,1.00,1.00
2014.08.07 10:06:49.584,1.01305,1.01327,1.15,1.00
2014.08.07 10:06:50.106,1.01308,1.01327,1.00,1.00
2014.08.07 10:06:51.673,1.01305,1.01326,1.15,1.50
2014.08.07 10:06:51.774,1.01305,1.01326,1.00,1.58
2014.08.07 10:06:52.296,1.01305,1.01326,1.18,1.50
2014.08.07 10:06:55.102,1.01301,1.01325,3.45,1.00
2014.08.07 10:06:55.203,1.013,1.01322,1.53,1.00
2014.08.07 10:06:55.304,1.013,1.01322,1.15,1.00
2014.08.07 10:07:03.569,1.013,1.01322,1.10,2.40
2014.08.07 10:07:15.149,1.01301,1.01322,1.00,1.65
2014.08.07 10:07:15.647,1.01304,1.01325,1.00,1.15
2014.08.07 10:07:15.748,1.01304,1.01326,1.50,2.40
2014.08.07 10:07:15.949,1.01305,1.01326,1.20,1.65
2014.08.07 10:07:16.301,1.01309,1.01326,1.00,1.58
2014.08.07 10:07:16.452,1.01309,1.01328,1.00,1.58
2014.08.07 10:07:26.130,1.01305,1.01329,1.08,2.40
2014.08.07 10:07:26.678,1.01305,1.01329,1.00,2.78
2014.08.07 10:07:27.221,1.01303,1.01325,1.65,1.10
2014.08.07 10:07:31.017,1.01303,1.01325,1.10,1.10
2014.08.07 10:07:31.526,1.01304,1.01326,1.00,1.18
2014.08.07 10:07:32.032,1.01304,1.01326,1.18,1.10
2014.08.07 10:07:44.135,1.01309,1.01326,1.00,1.10
2014.08.07 10:07:47.137,1.01309,1.01325,1.00,1.00
2014.08.07 10:07:57.057,1.01309,1.01324,1.00,1.00
2014.08.07 10:07:59.480,1.01309,1.01326,1.00,1.15
2014.08.07 10:08:17.336,1.01303,1.01326,1.00,1.15
2014.08.07 10:08:19.784,1.01303,1.01326,1.00,1.15
2014.08.07 10:08:21.718,1.01303,1.01326,1.10,1.18
2014.08.07 10:08:22.023,1.01305,1.01328,1.13,1.65
2014.08.07 10:08:22.073,1.01305,1.01328,1.20,1.58
2014.08.07 10:08:22.124,1.01307,1.01328,1.00,1.58
2014.08.07 10:08:22.690,1.01308,1.01329,1.00,1.18
2014.08.07 10:08:23.253,1.01308,1.01329,1.00,1.00
2014.08.07 10:08:24.618,1.01308,1.0133,1.50,2.40
2014.08.07 10:08:26.560,1.01308,1.01328,1.00,1.50
2014.08.07 10:08:27.428,1.01306,1.01328,1.28,1.50
2014.08.07 10:08:27.634,1.01304,1.01326,2.03,1.00
2014.08.07 10:08:28.202,1.01304,1.01326,1.18,1.00
2014.08.07 10:08:29.533,1.01304,1.01326,1.00,1.20
2014.08.07 10:08:33.851,1.01303,1.01326,1.00,1.20
2014.08.07 10:08:34.483,1.01303,1.01326,1.00,1.18
2014.08.07 10:08:38.602,1.01302,1.01326,1.13,1.65
2014.08.07 10:08:39.151,1.01304,1.01324,1.00,1.20
2014.08.07 10:08:55.420,1.01301,1.01321,1.20,1.00
2014.08.07 10:08:55.732,1.01299,1.01321,1.65,1.00
2014.08.07 10:09:45.548,1.01304,1.01321,1.00,1.00
2014.08.07 10:09:51.714,1.01304,1.01322,1.00,1.10
2014.08.07 10:10:07.883,1.013,1.01321,1.00,1.00
2014.08.07 10:10:12.835,1.01303,1.01322,1.00,1.10
2014.08.07 10:10:16.273,1.01303,1.01321,1.00,1.00
2014.08.07 10:10:18.482,1.01303,1.01322,1.00,1.00
2014.08.07 10:10:18.822,1.01308,1.01322,1.00,1.00
2014.08.07 10:10:18.923,1.01304,1.01322,1.00,1.00
2014.08.07 10:10:19.442,1.01304,1.01323,1.00,1.00
2014.08.07 10:10:19.650,1.01309,1.01323,1.00,1.00
2014.08.07 10:10:19.701,1.01309,1.01325,1.00,2.40
2014.08.07 10:10:23.392,1.01314,1.01327,1.00,1.08
2014.08.07 10:10:23.443,1.01314,1.01327,1.00,1.00
2014.08.07 10:10:23.544,1.01314,1.01332,1.00,1.28
2014.08.07 10:10:23.644,1.01309,1.0133,1.10,1.50
2014.08.07 10:10:23.846,1.01313,1.01332,1.00,1.58
2014.08.07 10:10:23.947,1.01313,1.01333,1.00,1.10
2014.08.07 10:10:24.473,1.01313,1.01334,1.00,1.10
2014.08.07 10:10:24.800,1.01313,1.01327,1.00,1.00
2014.08.07 10:10:24.851,1.01306,1.01326,4.13,1.00
2014.08.07 10:10:24.952,1.01305,1.01326,1.20,1.00
2014.08.07 10:10:25.053,1.01314,1.01328,1.00,1.00
2014.08.07 10:10:25.305,1.01314,1.01332,1.00,2.40
2014.08.07 10:10:25.740,1.0131,1.01331,1.00,1.08
2014.08.07 10:10:26.242,1.0131,1.01331,1.20,1.00
2014.08.07 10:10:28.451,1.01309,1.01328,1.45,1.00
2014.08.07 10:10:28.653,1.01305,1.01328,1.08,1.20
2014.08.07 10:10:28.755,1.01305,1.01328,1.10,1.15
2014.08.07 10:10:35.155,1.01301,1.01322,1.15,1.50
2014.08.07 10:10:35.256,1.013,1.01322,1.00,1.65
2014.08.07 10:10:35.357,1.01302,1.01324,1.00,1.18
2014.08.07 10:10:35.664,1.01304,1.01324,1.00,1.18
2014.08.07 10:10:36.789,1.01302,1.01324,1.00,1.18
2014.08.07 10:10:37.295,1.013,1.01324,1.18,1.18
2014.08.07 10:10:39.048,1.01301,1.01325,1.15,1.10
2014.08.07 10:10:39.958,1.01301,1.01323,1.15,1.00
2014.08.07 10:10:40.247,1.01301,1.01325,1.00,2.40
2014.08.07 10:10:41.052,1.01304,1.01325,1.00,1.65
2014.08.07 10:10:41.369,1.01306,1.01327,1.28,1.00
2014.08.07 10:10:43.389,1.01306,1.01326,1.15,1.00
2014.08.07 10:10:47.899,1.01306,1.01321,1.15,1.00
2014.08.07 10:10:48.151,1.01307,1.01326,1.18,1.00
2014.08.07 10:10:55.930,1.01308,1.01321,1.10,1.00
2014.08.07 10:10:58.167,1.01307,1.01322,1.18,1.00
2014.08.07 10:10:58.268,1.01302,1.01322,1.15,1.00
2014.08.07 10:10:58.369,1.01301,1.01316,1.15,1.00
2014.08.07 10:10:58.672,1.01305,1.01317,1.10,1.00
2014.08.07 10:10:58.823,1.01305,1.01321,1.20,1.00
2014.08.07 10:10:58.874,1.01305,1.01321,1.28,1.00
2014.08.07 10:10:59.179,1.01305,1.01316,1.28,1.00
2014.08.07 10:10:59.292,1.01305,1.01316,1.20,1.00
2014.08.07 10:10:59.714,1.01305,1.01321,1.20,1.00
2014.08.07 10:11:00.376,1.01305,1.01322,1.28,1.00
2014.08.07 10:11:04.410,1.01305,1.01321,1.53,1.00
2014.08.07 10:11:13.240,1.01305,1.01321,1.28,1.00
2014.08.07 10:11:25.628,1.01305,1.01317,1.20,1.00
2014.08.07 10:11:32.147,1.01304,1.01321,1.18,1.00
2014.08.07 10:11:38.727,1.01303,1.01321,1.10,1.00
2014.08.07 10:11:38.905,1.01301,1.01316,1.00,1.00
2014.08.07 10:11:39.407,1.013,1.01316,1.00,1.00
2014.08.07 10:11:47.301,1.01297,1.01316,1.28,1.00
2014.08.07 10:11:47.895,1.01297,1.01311,1.28,1.00
2014.08.07 10:11:49.058,1.01297,1.01317,1.28,1.00
2014.08.07 10:11:49.789,1.01295,1.01317,1.50,1.50
2014.08.07 10:11:50.299,1.01297,1.01316,1.15,1.00
2014.08.07 10:11:51.037,1.01297,1.01317,1.15,1.00
2014.08.07 10:11:51.573,1.01297,1.01316,1.15,1.00
2014.08.07 10:11:53.933,1.01297,1.01317,1.15,1.00
2014.08.07 10:11:54.471,1.01297,1.01316,1.15,1.00
2014.08.07 10:12:05.447,1.01297,1.01317,1.15,1.00
2014.08.07 10:12:11.057,1.01297,1.01316,1.08,1.00
2014.08.07 10:12:17.877,1.01299,1.01321,1.00,1.65
2014.08.07 10:12:18.846,1.01299,1.01318,1.00,1.08
2014.08.07 10:12:19.120,1.01294,1.01316,1.58,1.58
2014.08.07 10:12:20.141,1.01294,1.01316,1.50,1.58
2014.08.07 10:12:20.855,1.01294,1.01312,1.00,1.00
2014.08.07 10:12:21.067,1.01294,1.01316,1.50,3.15
2014.08.07 10:12:22.295,1.01294,1.01312,1.00,1.00
2014.08.07 10:12:22.547,1.01292,1.01312,1.10,1.00
2014.08.07 10:12:22.607,1.01293,1.01314,1.00,1.00
2014.08.07 10:12:23.057,1.01292,1.01312,1.10,1.00
2014.08.07 10:12:25.046,1.01294,1.01316,1.00,2.03
2014.08.07 10:12:25.547,1.01294,1.01316,1.50,1.00
2014.08.07 10:12:26.078,1.01294,1.01317,1.00,1.20
2014.08.07 10:12:46.506,1.01294,1.01317,1.10,1.08
2014.08.07 10:12:46.809,1.01291,1.01312,1.00,1.10
2014.08.07 10:12:48.141,1.01291,1.01311,1.00,1.00
2014.08.07 10:12:48.585,1.01294,1.01314,1.00,1.18
2014.08.07 10:12:48.887,1.01294,1.01316,1.50,1.20
2014.08.07 10:12:49.390,1.01294,1.01316,1.58,1.10
2014.08.07 10:12:50.085,1.01294,1.01316,2.03,1.00
2014.08.07 10:12:50.764,1.01294,1.01316,2.03,1.10
2014.08.07 10:12:53.577,1.01294,1.01316,2.25,1.10
2014.08.07 10:12:53.627,1.01299,1.01318,1.00,1.15
2014.08.07 10:12:55.217,1.01296,1.01317,1.00,2.40
2014.08.07 10:12:55.318,1.01299,1.0132,1.00,1.28
2014.08.07 10:12:56.725,1.01299,1.0132,1.00,2.40
2014.08.07 10:12:58.357,1.01296,1.01317,1.28,1.00
2014.08.07 10:12:58.576,1.01298,1.0132,1.00,2.40
2014.08.07 10:12:59.809,1.01299,1.0132,1.00,2.40
2014.08.07 10:13:01.359,1.01299,1.01317,1.00,1.50
2014.08.07 10:13:01.510,1.01299,1.0132,1.00,2.40
2014.08.07 10:13:03.087,1.01298,1.0132,1.50,2.40
2014.08.07 10:13:03.344,1.01298,1.01316,1.00,1.00
2014.08.07 10:13:03.859,1.01296,1.01317,1.58,1.00
2014.08.07 10:13:05.781,1.01296,1.01317,1.28,1.00
2014.08.07 10:13:06.256,1.01299,1.0132,1.00,1.15
2014.08.07 10:13:07.404,1.01296,1.01316,1.58,1.00
2014.08.07 10:13:13.897,1.01298,1.0132,1.00,1.15
2014.08.07 10:13:15.431,1.01297,1.01316,1.00,1.00
2014.08.07 10:13:15.886,1.01299,1.01321,1.00,1.65
2014.08.07 10:13:21.379,1.01296,1.01317,1.20,1.00
2014.08.07 10:13:22.226,1.01295,1.01316,1.28,1.00
2014.08.07 10:13:26.455,1.01296,1.01317,1.20,2.25
2014.08.07 10:13:28.821,1.01296,1.01317,1.58,1.00
2014.08.07 10:13:31.155,1.01296,1.01317,1.28,1.00
2014.08.07 10:13:36.116,1.01298,1.01316,1.00,1.00
2014.08.07 10:13:39.066,1.01298,1.01317,1.13,1.00
2014.08.07 10:13:44.116,1.01298,1.01316,1.13,1.00
2014.08.07 10:13:45.706,1.01297,1.01317,1.13,1.00
2014.08.07 10:13:46.231,1.01297,1.01317,1.00,1.18
2014.08.07 10:13:51.129,1.01294,1.01317,1.28,1.18
2014.08.07 10:14:02.236,1.01294,1.01318,1.53,1.00
2014.08.07 10:14:03.053,1.01294,1.01316,1.53,1.00
2014.08.07 10:14:03.717,1.01294,1.01317,1.53,1.00
2014.08.07 10:14:08.145,1.01294,1.01316,1.53,1.00
2014.08.07 10:14:09.985,1.01297,1.01316,1.00,1.00
2014.08.07 10:14:13.243,1.01296,1.01316,1.00,1.00
2014.08.07 10:14:15.355,1.01296,1.01317,1.00,1.00
2014.08.07 10:14:16.176,1.01297,1.01317,1.00,1.00
2014.08.07 10:14:19.095,1.01297,1.01316,1.00,1.00
2014.08.07 10:14:19.629,1.01298,1.01317,1.00,1.00
2014.08.07 10:14:20.605,1.01295,1.01315,1.20,1.00
2014.08.07 10:14:20.707,1.01292,1.01312,1.18,1.00
2014.08.07 10:14:20.908,1.01291,1.01311,1.00,1.58
2014.08.07 10:14:21.122,1.01291,1.01306,1.00,1.00
2014.08.07 10:14:22.306,1.01291,1.01311,1.00,1.58
2014.08.07 10:14:22.835,1.0129,1.01306,1.10,1.00
2014.08.07 10:14:24.155,1.0129,1.0131,1.10,1.10
2014.08.07 10:14:24.307,1.01291,1.01311,1.00,1.15
2014.08.07 10:14:24.526,1.01291,1.01311,1.00,1.58
2014.08.07 10:14:27.207,1.0129,1.01312,1.00,1.65
2014.08.07 10:14:29.579,1.0129,1.01307,1.00,1.00
2014.08.07 10:14:32.000,1.01288,1.01307,1.00,1.00
2014.08.07 10:14:38.161,1.01289,1.0131,1.00,1.15
2014.08.07 10:14:40.104,1.01288,1.01307,1.00,1.00
2014.08.07 10:14:52.314,1.01289,1.0131,1.00,1.15
2014.08.07 10:14:54.033,1.01289,1.0131,1.00,1.15
2014.08.07 10:14:55.049,1.0129,1.0131,1.00,1.15
2014.08.07 10:15:06.979,1.0129,1.01312,1.00,1.65
2014.08.07 10:15:23.725,1.0129,1.01312,1.00,1.65
2014.08.07 10:15:24.255,1.01289,1.01311,1.00,1.15
2014.08.07 10:15:26.666,1.01289,1.01311,1.50,1.65
2014.08.07 10:15:26.917,1.01289,1.01306,1.00,1.00
2014.08.07 10:15:26.969,1.01286,1.01306,1.00,1.00
2014.08.07 10:15:27.120,1.01285,1.01301,1.00,1.00
2014.08.07 10:15:27.221,1.01282,1.01301,1.00,1.00
2014.08.07 10:15:27.322,1.01282,1.01304,1.00,1.18
2014.08.07 10:15:27.625,1.01284,1.01304,1.00,1.15
2014.08.07 10:15:27.877,1.01282,1.01302,1.00,1.10
2014.08.07 10:15:28.433,1.01283,1.01302,1.00,1.10
2014.08.07 10:15:28.944,1.01282,1.01301,1.00,1.00
2014.08.07 10:15:39.447,1.01281,1.01301,1.00,1.50
2014.08.07 10:15:41.935,1.01282,1.01302,1.00,1.10
2014.08.07 10:15:42.479,1.01282,1.01301,1.00,1.00
2014.08.07 10:15:45.915,1.01284,1.01302,1.00,1.10
2014.08.07 10:15:46.016,1.01285,1.01305,1.00,1.20
2014.08.07 10:15:46.167,1.01286,1.01308,1.10,1.18
2014.08.07 10:15:46.794,1.01286,1.01308,1.00,1.20
2014.08.07 10:15:47.358,1.01286,1.01306,1.00,1.00
2014.08.07 10:15:47.483,1.01284,1.01306,1.20,1.50
2014.08.07 10:15:47.584,1.01284,1.01306,1.00,1.18
2014.08.07 10:15:47.887,1.01282,1.01304,1.00,1.18
2014.08.07 10:15:49.717,1.01282,1.01302,1.38,1.10
2014.08.07 10:15:49.868,1.01284,1.01305,1.00,1.08
2014.08.07 10:15:50.407,1.01285,1.01305,1.10,1.00
2014.08.07 10:15:56.380,1.01284,1.01304,1.00,1.00
2014.08.07 10:15:59.275,1.01284,1.01304,1.00,1.18
2014.08.07 10:15:59.376,1.01283,1.01303,1.00,1.15
2014.08.07 10:16:05.904,1.01283,1.01303,1.48,1.00
2014.08.07 10:16:06.004,1.01285,1.01305,1.20,1.00
2014.08.07 10:16:06.156,1.01283,1.01301,1.15,1.00
2014.08.07 10:16:06.482,1.01287,1.01301,1.00,1.00
2014.08.07 10:16:06.583,1.01287,1.01306,1.00,1.00
2014.08.07 10:16:16.156,1.01288,1.01308,1.58,1.00
2014.08.07 10:16:16.257,1.01288,1.0131,1.65,1.00
2014.08.07 10:16:16.464,1.01288,1.0131,2.03,1.00
2014.08.07 10:16:16.966,1.01288,1.0131,2.03,1.00
2014.08.07 10:16:17.728,1.01288,1.01308,1.00,1.00
2014.08.07 10:16:18.139,1.01288,1.0131,1.50,1.00
2014.08.07 10:16:18.699,1.01289,1.0131,1.20,1.00
2014.08.07 10:16:19.526,1.01288,1.0131,1.00,1.10
2014.08.07 10:16:21.286,1.01288,1.0131,1.10,1.18
2014.08.07 10:16:21.801,1.01288,1.0131,1.65,1.00
2014.08.07 10:16:25.979,1.01289,1.01311,1.10,1.10
2014.08.07 10:16:27.181,1.01289,1.01309,1.10,1.00
2014.08.07 10:16:27.282,1.01287,1.01309,1.10,1.10
2014.08.07 10:16:33.634,1.01289,1.01309,1.00,1.10
2014.08.07 10:16:35.212,1.01287,1.01309,1.10,1.10
2014.08.07 10:16:36.856,1.01289,1.01309,1.00,1.10
2014.08.07 10:16:46.310,1.01288,1.01309,1.00,1.10
2014.08.07 10:16:50.175,1.01287,1.01309,1.10,1.10
2014.08.07 10:16:50.477,1.01289,1.01309,1.50,1.15
2014.08.07 10:16:52.697,1.01289,1.01306,1.00,1.00
2014.08.07 10:16:52.918,1.01286,1.01306,1.00,3.15
2014.08.07 10:16:54.455,1.01287,1.01307,1.00,3.15
2014.08.07 10:16:54.555,1.01287,1.01307,1.00,1.50
2014.08.07 10:16:54.620,1.01283,1.01305,1.58,1.10
2014.08.07 10:16:55.145,1.01283,1.01305,1.58,1.18
2014.08.07 10:16:56.025,1.01285,1.01305,1.00,1.18
2014.08.07 10:16:56.226,1.01286,1.01306,1.00,1.58
2014.08.07 10:16:56.276,1.01288,1.01306,1.00,1.10
2014.08.07 10:16:56.327,1.01286,1.01306,1.00,1.58
2014.08.07 10:16:56.427,1.01284,1.01306,1.00,1.15
2014.08.07 10:16:57.874,1.01285,1.01306,1.00,1.15
2014.08.07 10:16:58.076,1.01288,1.01306,1.00,1.00
2014.08.07 10:17:03.359,1.01288,1.01301,1.00,1.00
2014.08.07 10:17:03.886,1.01286,1.01306,1.18,1.00
2014.08.07 10:17:04.396,1.01286,1.01306,1.00,1.08
2014.08.07 10:17:04.497,1.01287,1.01307,1.00,1.58
2014.08.07 10:17:05.000,1.01286,1.01306,1.00,1.50
2014.08.07 10:17:17.626,1.01285,1.01305,1.00,1.00
2014.08.07 10:17:36.623,1.01286,1.01306,1.00,1.10
2014.08.07 10:17:37.048,1.01288,1.01306,1.00,1.00
2014.08.07 10:17:39.776,1.01286,1.01306,1.00,1.00
2014.08.07 10:17:40.322,1.01286,1.01307,1.00,1.20
2014.08.07 10:17:40.835,1.01286,1.01306,1.00,1.00
2014.08.07 10:17:42.438,1.01289,1.01306,1.00,1.00
2014.08.07 10:17:43.583,1.01289,1.01309,1.00,1.18
2014.08.07 10:17:46.960,1.01285,1.01305,1.00,1.08
2014.08.07 10:17:47.061,1.01288,1.01309,1.00,2.70
2014.08.07 10:17:47.162,1.01286,1.01308,1.00,1.15
2014.08.07 10:17:47.676,1.01287,1.01307,1.00,1.18
2014.08.07 10:17:47.877,1.01287,1.01307,1.00,1.10
2014.08.07 10:17:48.093,1.01288,1.01309,1.00,1.20
2014.08.07 10:17:48.864,1.01289,1.01309,1.50,1.20
2014.08.07 10:17:49.383,1.0129,1.0131,1.13,1.18
2014.08.07 10:18:02.392,1.0129,1.01307,1.13,1.00
2014.08.07 10:18:09.367,1.0129,1.0131,1.13,1.18
2014.08.07 10:18:09.941,1.0129,1.0131,1.13,1.10
2014.08.07 10:18:29.740,1.01289,1.01311,1.88,1.18
2014.08.07 10:18:50.792,1.0129,1.01311,1.88,1.18
2014.08.07 10:18:51.375,1.0129,1.01311,1.88,1.15
2014.08.07 10:19:02.643,1.01291,1.01311,1.00,1.15
2014.08.07 10:19:02.744,1.01291,1.01311,1.00,1.10
2014.08.07 10:19:03.047,1.01289,1.01311,1.10,1.58
2014.08.07 10:19:16.401,1.01289,1.01307,1.10,1.00
2014.08.07 10:19:17.326,1.01288,1.01306,1.08,1.00
2014.08.07 10:19:17.831,1.01288,1.01306,1.00,1.00
2014.08.07 10:19:23.221,1.01288,1.0131,1.10,1.10
2014.08.07 10:19:24.200,1.01288,1.0131,1.48,1.10
2014.08.07 10:19:26.328,1.01288,1.0131,1.20,1.10
2014.08.07 10:19:26.461,1.01288,1.01301,1.20,1.00
2014.08.07 10:19:28.748,1.01287,1.01301,1.13,1.00
2014.08.07 10:19:28.851,1.01287,1.01306,1.13,1.00
2014.08.07 10:19:29.378,1.01288,1.01307,1.00,1.00
2014.08.07 10:19:30.505,1.01287,1.01307,2.63,1.00
2014.08.07 10:19:30.606,1.01287,1.01301,1.13,1.00
2014.08.07 10:19:32.151,1.01287,1.01302,1.00,1.00
2014.08.07 10:19:32.401,1.01287,1.01306,1.00,1.00
2014.08.07 10:19:32.711,1.01289,1.01306,1.00,1.00
2014.08.07 10:19:33.581,1.01289,1.01302,1.00,1.00
2014.08.07 10:19:34.093,1.01288,1.01301,1.00,1.00
2014.08.07 10:19:35.588,1.01285,1.01301,2.70,1.00
2014.08.07 10:19:35.639,1.01285,1.01301,2.25,1.00
2014.08.07 10:19:35.739,1.01285,1.01306,1.00,1.18
2014.08.07 10:19:35.922,1.01285,1.01301,1.00,1.00
2014.08.07 10:19:36.441,1.01287,1.01301,1.00,1.00
2014.08.07 10:19:36.744,1.01289,1.01301,1.10,1.00
2014.08.07 10:19:37.269,1.01289,1.01302,1.10,1.00
2014.08.07 10:19:37.796,1.01289,1.01301,1.10,1.00
2014.08.07 10:19:39.842,1.01289,1.01306,1.10,1.00
2014.08.07 10:19:40.245,1.0129,1.01306,1.08,1.00
2014.08.07 10:19:40.548,1.01293,1.01306,1.00,1.00
2014.08.07 10:19:40.649,1.01293,1.01312,1.00,1.00
2014.08.07 10:19:40.750,1.01295,1.01312,1.00,1.00
2014.08.07 10:19:41.052,1.01292,1.01306,1.00,1.00
2014.08.07 10:19:41.156,1.01294,1.01311,1.00,1.00
2014.08.07 10:19:41.415,1.0129,1.01306,1.53,1.00
2014.08.07 10:19:41.465,1.0129,1.01306,1.53,1.00
2014.08.07 10:19:41.818,1.01294,1.01312,1.00,1.00
2014.08.07 10:19:42.351,1.01295,1.01312,1.00,1.00
2014.08.07 10:19:45.657,1.01292,1.01312,1.20,1.50
2014.08.07 10:19:45.809,1.01292,1.01312,1.00,1.65
2014.08.07 10:19:45.859,1.01289,1.01311,1.00,1.18
2014.08.07 10:19:45.910,1.01289,1.01307,1.00,1.00
2014.08.07 10:19:49.877,1.01289,1.01302,1.00,1.00
2014.08.07 10:19:50.391,1.01288,1.01301,1.00,1.00
2014.08.07 10:19:50.441,1.01288,1.01307,1.00,1.00
2014.08.07 10:19:50.953,1.01288,1.01306,1.00,1.00
2014.08.07 10:19:53.041,1.01289,1.01306,1.00,1.00
2014.08.07 10:19:57.644,1.0129,1.01306,1.00,1.00
2014.08.07 10:19:58.161,1.0129,1.01307,1.00,1.00
2014.08.07 10:19:58.783,1.0129,1.01306,1.00,1.00
2014.08.07 10:20:02.401,1.0129,1.01301,1.00,1.00
2014.08.07 10:20:02.502,1.01287,1.01301,1.00,1.00
2014.08.07 10:20:02.657,1.01289,1.01301,1.00,1.00
2014.08.07 10:20:03.187,1.0129,1.01306,1.00,1.00
2014.08.07 10:20:04.178,1.0129,1.01302,1.00,1.00
2014.08.07 10:20:04.482,1.01287,1.01297,1.13,1.00
2014.08.07 10:20:05.705,1.01287,1.01301,1.13,1.00
2014.08.07 10:20:05.909,1.01289,1.01302,1.00,1.00
2014.08.07 10:20:06.161,1.01289,1.01307,1.00,1.00
2014.08.07 10:20:07.149,1.01289,1.01301,1.00,1.00
2014.08.07 10:20:07.456,1.01288,1.01296,1.00,1.00
2014.08.07 10:20:08.041,1.01287,1.01296,1.13,1.00
2014.08.07 10:20:08.563,1.01287,1.01301,1.13,1.00
2014.08.07 10:20:09.141,1.01287,1.01306,2.63,1.00
2014.08.07 10:20:09.689,1.01288,1.01306,1.13,1.00
2014.08.07 10:20:10.120,1.01288,1.01302,1.13,1.00
2014.08.07 10:20:10.422,1.01288,1.01296,1.00,1.00
2014.08.07 10:20:11.004,1.01287,1.01296,1.20,1.00
2014.08.07 10:20:11.641,1.01287,1.01301,1.20,1.00
2014.08.07 10:20:11.994,1.01289,1.01301,1.00,1.00
2014.08.07 10:20:12.095,1.01289,1.01306,1.00,1.00
2014.08.07 10:20:13.212,1.01289,1.01301,1.00,1.00
2014.08.07 10:20:13.514,1.01287,1.01296,1.00,1.00
2014.08.07 10:20:14.621,1.01287,1.01301,1.00,1.00
2014.08.07 10:20:15.156,1.01289,1.01306,1.00,1.00
2014.08.07 10:20:16.175,1.01289,1.01301,1.00,1.00
2014.08.07 10:20:16.483,1.01287,1.01296,1.18,1.00
2014.08.07 10:20:17.582,1.01288,1.01301,1.00,1.00
2014.08.07 10:20:18.085,1.01288,1.01302,1.10,1.00
2014.08.07 10:20:18.136,1.01288,1.01307,1.20,1.00
2014.08.07 10:20:18.642,1.01289,1.01307,1.00,1.00
2014.08.07 10:20:19.121,1.01289,1.01302,1.00,1.00
2014.08.07 10:20:19.423,1.01287,1.01296,1.08,1.00
2014.08.07 10:20:20.684,1.01288,1.01301,1.00,1.00
2014.08.07 10:20:21.111,1.01289,1.01307,1.00,1.00
2014.08.07 10:20:21.624,1.0129,1.01307,1.00,1.00
2014.08.07 10:20:21.871,1.0129,1.01301,1.00,1.00
2014.08.07 10:20:22.415,1.01286,1.01301,1.15,1.00
2014.08.07 10:20:23.111,1.01287,1.01302,1.20,1.00
2014.08.07 10:20:24.071,1.01287,1.01297,1.20,1.00
2014.08.07 10:20:24.381,1.01287,1.01301,1.10,1.00
2014.08.07 10:20:25.152,1.01287,1.01302,1.10,1.00
2014.08.07 10:20:30.363,1.01287,1.01306,1.10,1.00
2014.08.07 10:20:37.590,1.01287,1.01301,1.10,1.00
2014.08.07 10:20:37.800,1.01287,1.01307,1.10,1.00
2014.08.07 10:20:38.002,1.01286,1.01306,1.00,1.18
2014.08.07 10:20:38.304,1.01281,1.01301,1.00,1.00
2014.08.07 10:20:38.355,1.01281,1.01296,1.00,1.00
2014.08.07 10:20:39.625,1.01282,1.01296,1.00,1.00
2014.08.07 10:20:39.828,1.01285,1.01301,1.00,1.00
2014.08.07 10:20:40.142,1.01285,1.01306,1.00,1.28
2014.08.07 10:20:40.243,1.01285,1.01306,1.00,1.20
2014.08.07 10:20:40.344,1.01284,1.01302,1.00,1.00
2014.08.07 10:20:40.646,1.01286,1.01306,1.00,2.40
2014.08.07 10:20:41.987,1.01286,1.01306,1.00,1.58
2014.08.07 10:20:49.043,1.01289,1.01306,1.00,1.00
2014.08.07 10:20:49.611,1.01289,1.01302,1.00,1.00
2014.08.07 10:20:49.826,1.01289,1.01306,1.00,1.00
2014.08.07 10:20:49.877,1.01287,1.01306,1.00,1.00
2014.08.07 10:20:50.481,1.01287,1.01307,1.00,1.50
2014.08.07 10:20:57.980,1.01289,1.01307,1.00,1.00
2014.08.07 10:21:15.706,1.01286,1.01307,1.00,1.10
2014.08.07 10:21:16.232,1.01286,1.01306,1.00,1.00
2014.08.07 10:21:16.716,1.0128,1.01302,1.15,1.00
2014.08.07 10:21:17.018,1.01287,1.01307,1.00,1.15
2014.08.07 10:21:17.119,1.01285,1.01307,1.00,1.65
2014.08.07 10:21:17.170,1.01285,1.01307,1.00,1.65
2014.08.07 10:21:17.711,1.01284,1.01306,1.58,1.15
2014.08.07 10:21:17.762,1.01287,1.01307,1.00,1.15
2014.08.07 10:21:17.863,1.01287,1.01307,1.00,1.10
2014.08.07 10:21:18.890,1.01287,1.01307,1.00,1.08
2014.08.07 10:21:18.941,1.01284,1.01304,1.10,1.00
2014.08.07 10:21:19.484,1.01284,1.01304,1.00,1.15
2014.08.07 10:21:22.240,1.01284,1.01301,1.00,1.00
2014.08.07 10:21:24.887,1.01284,1.01302,1.00,1.00
2014.08.07 10:21:25.650,1.01284,1.01304,1.00,1.10
2014.08.07 10:21:25.883,1.01284,1.01301,1.00,1.00
2014.08.07 10:21:26.888,1.01284,1.01302,1.00,1.00
2014.08.07 10:21:28.400,1.01284,1.01301,1.00,1.00
2014.08.07 10:21:33.569,1.01284,1.01304,1.00,1.00
2014.08.07 10:21:34.031,1.01285,1.01306,1.10,1.10
2014.08.07 10:21:34.449,1.01285,1.01306,1.48,1.00
2014.08.07 10:21:34.657,1.01285,1.01306,1.10,1.00
2014.08.07 10:21:35.519,1.01285,1.01306,1.00,1.18
2014.08.07 10:21:38.424,1.01285,1.01306,1.10,1.20
2014.08.07 10:21:41.809,1.01288,1.01306,1.00,1.00
2014.08.07 10:21:44.585,1.01288,1.01307,1.00,1.00
2014.08.07 10:21:49.119,1.01288,1.01302,1.00,1.00
2014.08.07 10:21:49.623,1.01287,1.01301,1.10,1.00
2014.08.07 10:21:49.884,1.01287,1.01306,1.48,1.00
2014.08.07 10:21:51.100,1.01288,1.01307,1.00,1.00
2014.08.07 10:21:51.817,1.01287,1.01307,1.10,1.50
2014.08.07 10:21:56.302,1.01282,1.01304,3.45,1.00
2014.08.07 10:21:56.503,1.01279,1.01301,1.18,1.50
2014.08.07 10:21:56.705,1.01279,1.01299,1.00,1.00
2014.08.07 10:21:57.332,1.0128,1.013,1.00,1.08
2014.08.07 10:21:57.442,1.01281,1.01301,1.00,1.00
2014.08.07 10:21:57.999,1.01281,1.01301,1.08,1.00
2014.08.07 10:22:03.819,1.01282,1.01302,1.10,1.00
2014.08.07 10:22:05.992,1.01282,1.01302,1.00,1.18
2014.08.07 10:22:20.259,1.01283,1.01301,1.00,1.10
2014.08.07 10:22:29.118,1.01283,1.01305,1.00,1.15
2014.08.07 10:22:31.098,1.01283,1.01301,1.00,1.00
2014.08.07 10:22:32.413,1.0128,1.01301,1.45,1.10
2014.08.07 10:22:32.514,1.0128,1.013,1.00,1.00
2014.08.07 10:22:32.665,1.0128,1.01296,1.00,1.00
2014.08.07 10:22:32.716,1.01277,1.01296,1.08,1.00
2014.08.07 10:22:33.222,1.01277,1.01296,1.00,1.18
2014.08.07 10:22:40.290,1.01276,1.01296,1.00,1.65
2014.08.07 10:22:40.392,1.01274,1.01293,1.50,1.00
2014.08.07 10:22:40.694,1.01271,1.01291,1.00,1.10
2014.08.07 10:22:41.046,1.0127,1.0129,1.00,1.08
2014.08.07 10:22:58.134,1.01273,1.01293,1.00,1.15
2014.08.07 10:22:58.235,1.01273,1.01293,1.13,1.18
2014.08.07 10:22:58.799,1.01274,1.01293,1.00,1.00
2014.08.07 10:22:59.460,1.01275,1.01295,1.00,2.40
2014.08.07 10:23:03.657,1.01275,1.01294,1.00,1.50
2014.08.07 10:23:04.198,1.01275,1.01295,1.00,2.40
2014.08.07 10:23:07.451,1.01276,1.01296,1.00,1.65
2014.08.07 10:23:09.102,1.01276,1.01296,1.00,1.00
2014.08.07 10:23:22.421,1.01275,1.01295,1.00,1.08
2014.08.07 10:23:22.522,1.01272,1.01292,1.13,1.10
2014.08.07 10:23:23.281,1.01271,1.01291,1.00,1.00
2014.08.07 10:23:29.390,1.0127,1.0129,1.00,1.00
2014.08.07 10:24:02.837,1.0127,1.01286,1.00,1.00
2014.08.07 10:24:06.035,1.0127,1.01286,1.18,1.00
2014.08.07 10:24:17.066,1.01271,1.01291,1.10,1.00
2014.08.07 10:24:17.218,1.01274,1.01292,1.00,1.00
2014.08.07 10:24:17.721,1.01276,1.01291,1.00,1.00
2014.08.07 10:24:18.578,1.01276,1.01287,1.00,1.00
2014.08.07 10:24:19.090,1.01275,1.01286,1.10,1.00
2014.08.07 10:24:19.241,1.01271,1.01286,1.15,1.00
2014.08.07 10:24:19.342,1.01269,1.01286,1.15,1.00
2014.08.07 10:24:20.367,1.0127,1.01287,1.20,1.00
2014.08.07 10:24:24.358,1.01271,1.01287,1.00,1.00
2014.08.07 10:24:24.409,1.01271,1.01291,1.10,1.00
2014.08.07 10:24:24.460,1.01273,1.01292,1.10,1.00
2014.08.07 10:24:25.030,1.01273,1.01292,1.08,1.00
2014.08.07 10:24:25.852,1.01273,1.01287,1.08,1.00
2014.08.07 10:24:26.181,1.01273,1.01292,1.08,1.00
2014.08.07 10:24:27.626,1.01273,1.01286,1.08,1.00
2014.08.07 10:24:27.828,1.01273,1.01291,1.00,1.00
2014.08.07 10:24:29.367,1.01273,1.01287,1.00,1.00
2014.08.07 10:24:29.937,1.01273,1.01292,1.10,1.00
2014.08.07 10:24:30.038,1.01273,1.01292,1.18,1.00
2014.08.07 10:24:31.366,1.01273,1.01287,1.18,1.00
2014.08.07 10:24:31.485,1.01273,1.01287,1.10,1.00
2014.08.07 10:24:32.125,1.01273,1.01291,1.10,1.00
2014.08.07 10:24:36.254,1.01274,1.01291,1.00,1.00
2014.08.07 10:24:36.868,1.01274,1.01292,1.00,1.00
2014.08.07 10:24:37.158,1.01272,1.01292,1.10,1.00
2014.08.07 10:24:41.926,1.01274,1.01291,1.00,1.00
2014.08.07 10:24:42.127,1.01274,1.01296,1.88,1.65
2014.08.07 10:24:42.655,1.01274,1.01296,1.95,1.50
2014.08.07 10:24:43.348,1.01274,1.01291,1.20,1.00
2014.08.07 10:24:43.650,1.0127,1.01286,1.15,1.00
2014.08.07 10:24:43.852,1.0127,1.01286,1.00,1.00
2014.08.07 10:24:44.420,1.0127,1.01287,1.00,1.00
2014.08.07 10:24:44.968,1.0127,1.01286,1.00,1.00
2014.08.07 10:24:48.609,1.0127,1.0129,1.00,1.00
2014.08.07 10:24:48.959,1.01274,1.01292,1.00,1.00
2014.08.07 10:24:49.507,1.01274,1.01291,1.28,1.00
2014.08.07 10:24:50.504,1.01274,1.01291,1.00,1.00
2014.08.07 10:24:50.817,1.01271,1.01286,1.10,1.00
2014.08.07 10:25:11.367,1.01271,1.01287,1.10,1.00
2014.08.07 10:25:11.669,1.01273,1.01287,1.00,1.00
2014.08.07 10:25:13.127,1.01273,1.01291,1.00,1.00
2014.08.07 10:25:14.512,1.0127,1.01291,1.08,1.00
2014.08.07 10:25:14.613,1.01273,1.01292,1.00,1.10
2014.08.07 10:25:15.124,1.01273,1.01291,1.00,1.00
2014.08.07 10:25:16.163,1.01276,1.01291,1.00,1.00
2014.08.07 10:25:16.219,1.01274,1.01291,1.00,1.00
2014.08.07 10:25:18.455,1.01274,1.01292,1.00,1.00
2014.08.07 10:25:18.895,1.01271,1.01291,1.15,1.50
2014.08.07 10:25:19.429,1.01271,1.01291,1.00,3.08
2014.08.07 10:25:22.687,1.01273,1.01291,1.00,1.58
2014.08.07 10:25:23.203,1.01273,1.01292,1.10,1.00
2014.08.07 10:25:23.967,1.01274,1.01292,1.00,1.00
2014.08.07 10:25:24.168,1.01275,1.01297,1.10,1.65
2014.08.07 10:25:24.370,1.01275,1.01292,1.10,1.00
2014.08.07 10:25:24.824,1.01273,1.01287,1.15,1.00
2014.08.07 10:25:24.874,1.01273,1.01287,1.00,1.00
2014.08.07 10:25:26.371,1.01273,1.01291,1.00,1.00
2014.08.07 10:25:26.886,1.01273,1.01291,1.08,1.00
2014.08.07 10:25:27.866,1.01273,1.01292,1.08,1.00
2014.08.07 10:25:28.678,1.01274,1.01291,1.20,1.00
2014.08.07 10:25:29.894,1.01275,1.01291,1.00,1.00
2014.08.07 10:25:30.095,1.01275,1.01295,1.00,1.00
2014.08.07 10:25:30.623,1.01276,1.01296,1.00,1.10
2014.08.07 10:25:30.836,1.01276,1.01292,1.00,1.00
2014.08.07 10:25:31.386,1.01275,1.01292,1.00,1.00
2014.08.07 10:25:40.406,1.01275,1.01291,1.00,1.00
2014.08.07 10:25:40.672,1.01275,1.01295,1.00,1.00
2014.08.07 10:25:40.926,1.01275,1.01295,1.15,1.00
2014.08.07 10:25:41.387,1.01279,1.01296,1.00,2.25
2014.08.07 10:25:41.689,1.01284,1.01298,1.10,1.50
2014.08.07 10:25:41.740,1.01284,1.01301,1.10,1.00
2014.08.07 10:25:42.263,1.01284,1.01302,1.10,1.50
2014.08.07 10:25:48.138,1.01284,1.01301,1.10,1.00
2014.08.07 10:25:58.930,1.01283,1.01301,1.00,1.00
2014.08.07 10:26:19.749,1.01283,1.01301,1.18,1.00
2014.08.07 10:26:22.136,1.01283,1.01296,1.18,1.00
2014.08.07 10:26:22.586,1.0128,1.01297,1.08,1.00
2014.08.07 10:26:22.889,1.01278,1.01297,1.20,1.00
2014.08.07 10:26:23.439,1.01278,1.01296,1.20,1.00
2014.08.07 10:26:35.895,1.01278,1.01298,1.00,1.10
2014.08.07 10:26:39.733,1.01279,1.01299,1.00,1.18
2014.08.07 10:26:46.779,1.01279,1.01299,1.00,1.10
2014.08.07 10:26:49.132,1.0128,1.013,1.13,1.00
2014.08.07 10:26:56.845,1.01285,1.01305,1.00,1.15
2014.08.07 10:26:57.052,1.01285,1.01307,1.20,1.65
2014.08.07 10:26:57.153,1.01285,1.01307,1.28,1.50
2014.08.07 10:26:57.254,1.01285,1.01307,1.13,1.65
2014.08.07 10:26:58.953,1.01284,1.01304,1.48,1.00
2014.08.07 10:26:59.054,1.01286,1.01306,1.00,2.40
2014.08.07 10:26:59.105,1.01286,1.01306,1.00,3.15
2014.08.07 10:26:59.321,1.01286,1.01306,1.00,1.58
2014.08.07 10:26:59.825,1.01287,1.01306,1.00,1.10
2014.08.07 10:26:59.976,1.01283,1.01303,1.18,1.00
2014.08.07 10:27:00.077,1.01282,1.01302,1.00,1.10
2014.08.07 10:27:00.279,1.01282,1.01304,1.20,1.00
2014.08.07 10:27:00.799,1.01283,1.01305,1.00,1.20
2014.08.07 10:27:00.950,1.01283,1.01305,1.18,1.00
2014.08.07 10:27:02.728,1.01285,1.01304,1.00,1.50
2014.08.07 10:27:03.034,1.01286,1.01306,1.10,1.00
2014.08.07 10:27:03.387,1.01289,1.01308,1.00,1.18
2014.08.07 10:27:04.389,1.01288,1.01306,1.00,1.00
2014.08.07 10:27:19.489,1.0129,1.01306,1.00,1.00
2014.08.07 10:27:21.692,1.01291,1.01306,1.00,1.00
2014.08.07 10:27:21.894,1.01291,1.01311,1.00,2.40
2014.08.07 10:27:25.198,1.01289,1.01309,1.00,1.00
2014.08.07 10:27:37.044,1.01289,1.01306,1.00,1.00
2014.08.07 10:27:45.135,1.0129,1.01306,1.00,1.00
2014.08.07 10:27:52.562,1.0129,1.01307,1.00,1.00
2014.08.07 10:27:53.094,1.01288,1.01306,1.20,1.00
2014.08.07 10:28:03.329,1.01288,1.01306,1.00,1.00
2014.08.07 10:28:06.804,1.01287,1.01306,1.00,1.00
2014.08.07 10:28:20.922,1.01286,1.01306,1.00,1.50
2014.08.07 10:28:24.173,1.01286,1.01306,1.00,1.58
2014.08.07 10:28:24.665,1.01284,1.01304,1.00,1.00
2014.08.07 10:28:27.754,1.01282,1.01302,1.08,1.00
2014.08.07 10:28:28.303,1.01282,1.01301,1.08,1.00
2014.08.07 10:28:34.242,1.01282,1.01301,1.00,1.00
2014.08.07 10:28:34.444,1.0128,1.013,1.00,1.00
2014.08.07 10:28:34.545,1.01278,1.013,1.20,1.08
2014.08.07 10:28:34.595,1.01278,1.01296,1.00,1.00
2014.08.07 10:28:34.847,1.01276,1.01297,1.10,1.00
2014.08.07 10:28:35.150,1.01276,1.01291,1.10,1.00
2014.08.07 10:28:36.909,1.01276,1.01296,1.10,1.00
2014.08.07 10:28:37.902,1.01276,1.01297,1.10,1.00
2014.08.07 10:28:41.917,1.01278,1.01297,1.50,1.00
2014.08.07 10:28:42.022,1.01276,1.01297,1.10,1.00
2014.08.07 10:28:44.983,1.01278,1.01297,1.00,1.00
2014.08.07 10:28:45.574,1.01278,1.01296,1.00,1.00
2014.08.07 10:28:45.814,1.0128,1.01301,1.00,1.18
2014.08.07 10:28:45.915,1.01282,1.01301,1.00,1.00
2014.08.07 10:28:46.476,1.01283,1.01301,1.00,1.00
2014.08.07 10:28:53.627,1.01283,1.01302,1.00,1.00
2014.08.07 10:28:59.710,1.0128,1.01302,1.10,1.50
2014.08.07 10:29:00.203,1.01279,1.01301,1.10,1.58
2014.08.07 10:29:00.632,1.0128,1.01301,1.10,1.00
2014.08.07 10:29:00.884,1.01277,1.01296,2.40,1.00
2014.08.07 10:29:00.985,1.01277,1.01296,1.20,1.00
2014.08.07 10:29:01.486,1.01276,1.01296,1.00,1.50
2014.08.07 10:29:02.402,1.01278,1.01296,1.50,1.00
2014.08.07 10:29:02.503,1.01277,1.01299,1.18,1.10
2014.08.07 10:29:07.850,1.01276,1.01296,2.40,1.00
2014.08.07 10:29:08.002,1.01271,1.01293,1.15,1.00
2014.08.07 10:29:08.154,1.01271,1.01291,1.15,1.00
2014.08.07 10:29:08.491,1.0127,1.01286,1.10,1.00
2014.08.07 10:29:08.592,1.0127,1.01292,1.20,1.65
2014.08.07 10:29:08.643,1.01272,1.01292,1.00,1.00
2014.08.07 10:29:08.794,1.01273,1.01294,1.10,1.00
2014.08.07 10:29:11.230,1.01272,1.01294,1.10,1.10
2014.08.07 10:29:12.879,1.01273,1.01294,1.00,1.10
2014.08.07 10:29:13.404,1.01274,1.01296,1.10,1.65
2014.08.07 10:29:17.015,1.01273,1.01293,1.18,1.00
2014.08.07 10:29:22.312,1.01273,1.01292,1.18,1.00
2014.08.07 10:29:22.928,1.01273,1.01293,1.18,1.00
2014.08.07 10:29:25.942,1.01272,1.01292,1.15,1.00
2014.08.07 10:29:26.506,1.01273,1.01291,1.18,1.00
2014.08.07 10:29:29.860,1.01269,1.01291,1.15,1.50
2014.08.07 10:29:34.057,1.01273,1.01291,1.00,1.00
2014.08.07 10:29:43.539,1.01273,1.01293,1.00,1.10
2014.08.07 10:29:46.497,1.01271,1.01291,1.20,1.00
2014.08.07 10:29:47.928,1.01273,1.01293,1.00,1.10
2014.08.07 10:29:48.497,1.0127,1.01292,1.18,1.00
2014.08.07 10:29:48.673,1.01269,1.01291,1.18,1.00
2014.08.07 10:29:49.104,1.01269,1.01289,1.10,1.00
2014.08.07 10:29:49.926,1.01272,1.01292,1.00,1.15
2014.08.07 10:29:50.093,1.01272,1.01292,1.10,1.00
2014.08.07 10:29:53.449,1.01272,1.01294,1.10,1.18
2014.08.07 10:29:57.375,1.01272,1.01294,1.00,1.15
2014.08.07 10:29:59.948,1.01271,1.01291,1.13,1.10
2014.08.07 10:30:00.250,1.01271,1.01291,1.00,1.58
2014.08.07 10:30:00.351,1.01269,1.01291,1.88,1.65
2014.08.07 10:30:00.932,1.0127,1.01291,1.50,1.15
2014.08.07 10:30:01.355,1.01272,1.01292,1.00,1.18
2014.08.07 10:30:01.405,1.01272,1.01292,1.13,1.00
2014.08.07 10:30:01.506,1.01272,1.01294,1.13,1.20
2014.08.07 10:30:07.294,1.01274,1.01294,1.00,1.20
2014.08.07 10:30:09.711,1.01273,1.01293,1.00,1.00
2014.08.07 10:30:10.771,1.01273,1.01295,1.13,1.15
2014.08.07 10:30:29.773,1.01273,1.01295,1.00,1.15
2014.08.07 10:30:30.625,1.01271,1.01291,1.55,1.00
2014.08.07 10:30:30.826,1.0127,1.0129,1.00,1.10
2014.08.07 10:30:30.877,1.0127,1.0129,1.00,1.08
2014.08.07 10:30:32.053,1.0127,1.0129,1.00,1.15
2014.08.07 10:30:39.093,1.0127,1.01286,1.00,1.00
2014.08.07 10:30:39.426,1.0127,1.0129,1.00,1.15
2014.08.07 10:30:39.527,1.0127,1.0129,1.00,1.00
2014.08.07 10:30:41.343,1.01271,1.01291,1.00,1.58
2014.08.07 10:30:41.595,1.01271,1.01293,1.10,1.10
2014.08.07 10:30:41.645,1.01273,1.01293,1.00,1.10
2014.08.07 10:30:43.943,1.01274,1.01294,1.00,1.10
2014.08.07 10:30:44.305,1.01274,1.01294,1.00,1.15
2014.08.07 10:30:46.036,1.01274,1.01294,1.00,1.10
2014.08.07 10:31:02.822,1.01274,1.01292,1.00,1.00
2014.08.07 10:31:07.922,1.01272,1.01292,1.00,1.10
2014.08.07 10:31:08.582,1.01272,1.01291,1.00,1.00
2014.08.07 10:31:30.361,1.01268,1.0129,1.15,1.00
2014.08.07 10:31:30.462,1.01267,1.01289,1.18,1.00
2014.08.07 10:31:30.513,1.01267,1.01289,1.00,1.18
2014.08.07 10:31:31.102,1.01268,1.0129,1.00,1.15
2014.08.07 10:31:32.131,1.0127,1.0129,1.00,1.15
2014.08.07 10:31:32.232,1.0127,1.0129,1.00,1.08
2014.08.07 10:31:32.805,1.0127,1.0129,1.00,1.00
2014.08.07 10:31:33.366,1.01271,1.01291,1.00,1.58
2014.08.07 10:31:34.835,1.01272,1.01291,1.00,1.10
2014.08.07 10:31:39.868,1.0127,1.01291,1.08,1.00
2014.08.07 10:31:51.563,1.01272,1.01291,1.00,1.00
2014.08.07 10:31:52.094,1.01271,1.01291,1.10,1.00
2014.08.07 10:32:01.340,1.01271,1.01292,1.10,1.10
2014.08.07 10:32:02.237,1.01271,1.01292,1.00,1.08
2014.08.07 10:32:02.287,1.01267,1.01289,2.78,1.00
2014.08.07 10:32:02.338,1.01267,1.01287,1.10,1.00
2014.08.07 10:32:02.655,1.01264,1.01281,1.00,1.00
2014.08.07 10:32:02.705,1.01262,1.01281,1.00,1.00
2014.08.07 10:32:03.232,1.01262,1.01284,1.00,1.15
2014.08.07 10:32:03.410,1.01264,1.01284,1.00,1.15
2014.08.07 10:32:04.456,1.01264,1.01284,1.00,1.15
2014.08.07 10:32:05.016,1.01264,1.01284,1.00,1.15
2014.08.07 10:32:22.118,1.01263,1.01283,1.00,1.15
2014.08.07 10:32:22.792,1.01263,1.01281,1.00,1.00
2014.08.07 10:32:24.375,1.01263,1.01281,1.00,1.08
2014.08.07 10:32:24.890,1.01262,1.01281,1.00,1.15
2014.08.07 10:32:26.729,1.01263,1.01281,1.00,1.08
2014.08.07 10:32:30.556,1.0126,1.0128,1.00,1.10
2014.08.07 10:32:30.606,1.0126,1.01276,1.00,1.00
2014.08.07 10:32:30.707,1.01258,1.01276,1.00,1.10
2014.08.07 10:32:30.909,1.01259,1.01281,1.13,1.18
2014.08.07 10:32:30.959,1.01261,1.01282,1.00,1.15
2014.08.07 10:32:31.060,1.01261,1.01282,1.00,1.15
2014.08.07 10:32:34.349,1.01264,1.01283,1.00,1.15
2014.08.07 10:32:34.661,1.01267,1.01285,1.50,1.15
2014.08.07 10:32:34.762,1.01267,1.01285,1.50,1.20
2014.08.07 10:32:34.862,1.01265,1.01285,1.00,1.20
2014.08.07 10:32:34.913,1.01269,1.01285,1.00,1.20
2014.08.07 10:32:35.115,1.01265,1.01285,1.00,1.18
2014.08.07 10:32:35.618,1.01264,1.01284,1.00,1.15
2014.08.07 10:32:35.721,1.0126,1.01282,1.00,1.28
2014.08.07 10:32:36.279,1.01259,1.0128,1.00,1.10
2014.08.07 10:32:36.380,1.01259,1.01278,1.00,1.00
2014.08.07 10:32:36.683,1.01261,1.01281,1.00,2.03
2014.08.07 10:32:40.175,1.01259,1.01279,1.50,1.00
2014.08.07 10:32:40.739,1.01259,1.01279,1.00,1.15
2014.08.07 10:32:41.506,1.01258,1.01278,1.50,1.18
2014.08.07 10:32:42.449,1.01258,1.01278,1.50,1.10
2014.08.07 10:32:43.077,1.01259,1.01278,1.00,1.00
2014.08.07 10:32:47.603,1.01259,1.01279,1.50,1.00
2014.08.07 10:32:48.449,1.01259,1.01279,1.50,1.15
2014.08.07 10:32:49.300,1.01258,1.01278,1.00,1.20
2014.08.07 10:32:51.837,1.01259,1.01278,1.00,1.20
2014.08.07 10:32:52.139,1.01263,1.01281,1.00,1.00
2014.08.07 10:32:52.190,1.01261,1.01281,1.00,1.10
2014.08.07 10:32:52.392,1.01259,1.01281,1.50,1.65
2014.08.07 10:32:52.442,1.01259,1.01281,1.50,1.65
2014.08.07 10:32:57.829,1.01258,1.0128,1.50,1.15
2014.08.07 10:32:58.870,1.01259,1.0128,1.00,1.15
2014.08.07 10:33:03.599,1.01258,1.0128,1.50,1.15
2014.08.07 10:33:04.459,1.01258,1.01277,1.00,1.00
2014.08.07 10:33:05.823,1.01259,1.01277,1.00,1.00
2014.08.07 10:33:12.893,1.01259,1.01277,1.00,1.18
2014.08.07 10:33:13.404,1.01259,1.01277,1.00,1.15
2014.08.07 10:33:14.902,1.01259,1.01277,1.00,1.15
2014.08.07 10:33:15.440,1.01259,1.01277,1.00,1.08
2014.08.07 10:33:48.529,1.0126,1.0128,1.00,1.15
2014.08.07 10:33:49.046,1.01259,1.0128,1.00,1.15
2014.08.07 10:33:50.321,1.01262,1.01281,1.00,3.08
2014.08.07 10:33:50.574,1.01265,1.01285,1.00,1.15
2014.08.07 10:33:50.674,1.01265,1.01287,1.00,1.65
2014.08.07 10:33:50.725,1.01267,1.01287,1.00,1.65
2014.08.07 10:33:50.775,1.01267,1.01287,1.00,1.65
2014.08.07 10:33:51.297,1.01268,1.01286,1.00,1.00
2014.08.07 10:33:51.811,1.01269,1.01286,1.00,1.00
2014.08.07 10:33:54.645,1.0127,1.01286,1.00,1.00
2014.08.07 10:33:55.151,1.01269,1.01287,1.00,1.10
2014.08.07 10:33:55.691,1.01268,1.01286,1.00,1.00
2014.08.07 10:34:08.076,1.01268,1.01287,1.00,1.10
2014.08.07 10:34:08.590,1.01268,1.01286,1.00,1.00
2014.08.07 10:34:21.608,1.01269,1.0129,1.00,1.15
2014.08.07 10:34:22.222,1.01269,1.0129,1.13,1.20
2014.08.07 10:34:28.628,1.01268,1.01286,1.00,1.00
2014.08.07 10:34:30.057,1.01269,1.0129,1.00,1.20
2014.08.07 10:34:30.309,1.01268,1.01286,1.00,1.00
2014.08.07 10:34:30.844,1.01267,1.01286,1.00,1.00
2014.08.07 10:34:38.645,1.01266,1.01286,1.00,1.50
2014.08.07 10:34:49.648,1.01266,1.01286,1.45,1.00
2014.08.07 10:34:49.799,1.0127,1.01291,1.08,1.00
2014.08.07 10:34:50.403,1.01273,1.01291,1.00,1.00
2014.08.07 10:34:50.674,1.01273,1.01293,1.10,1.00
2014.08.07 10:34:50.825,1.01269,1.01289,1.65,1.00
2014.08.07 10:34:51.127,1.01268,1.01287,1.00,1.10
2014.08.07 10:34:51.390,1.01266,1.01287,1.00,1.10
2014.08.07 10:34:56.892,1.01266,1.01286,1.00,1.50
2014.08.07 10:35:19.940,1.01267,1.01286,1.00,1.50
2014.08.07 10:35:28.830,1.01267,1.01286,1.00,1.58
2014.08.07 10:35:28.881,1.01264,1.01284,1.00,1.08
2014.08.07 10:35:28.982,1.01266,1.01281,1.00,1.00
2014.08.07 10:35:29.133,1.01267,1.01287,1.00,3.15
2014.08.07 10:35:29.234,1.01268,1.01287,1.00,2.33
2014.08.07 10:35:29.744,1.01267,1.01287,1.10,1.00
2014.08.07 10:35:30.198,1.01269,1.01286,1.00,1.00
2014.08.07 10:35:30.732,1.01268,1.01286,1.00,1.00
2014.08.07 10:35:31.181,1.01265,1.01285,1.10,1.10
2014.08.07 10:35:33.598,1.01268,1.01287,1.00,1.18
2014.08.07 10:35:33.649,1.01268,1.01287,1.00,1.10
2014.08.07 10:35:34.166,1.01268,1.01286,1.18,1.00
2014.08.07 10:35:34.693,1.01261,1.01283,5.63,1.00
2014.08.07 10:35:34.794,1.01262,1.01284,1.00,1.20
2014.08.07 10:35:34.895,1.01264,1.01284,1.00,1.20
2014.08.07 10:35:35.096,1.01262,1.01284,1.00,1.20
2014.08.07 10:35:35.605,1.01261,1.01283,1.20,1.00
2014.08.07 10:35:37.393,1.01263,1.01283,1.00,1.00
2014.08.07 10:35:37.695,1.01264,1.0128,1.00,1.00
2014.08.07 10:35:37.998,1.01256,1.01276,1.18,1.00
2014.08.07 10:35:38.099,1.01255,1.01275,1.10,1.00
2014.08.07 10:35:39.208,1.01255,1.01275,1.00,1.08
2014.08.07 10:35:39.934,1.01254,1.01275,1.00,1.08
2014.08.07 10:35:40.451,1.01253,1.01274,1.10,1.10
2014.08.07 10:35:40.963,1.01254,1.01274,1.00,1.10
2014.08.07 10:35:42.900,1.01253,1.01274,1.10,1.10
2014.08.07 10:35:43.413,1.01254,1.01274,1.00,1.10
2014.08.07 10:35:44.250,1.01254,1.01273,1.00,1.00
2014.08.07 10:35:44.828,1.01253,1.01273,1.10,1.00
2014.08.07 10:35:45.359,1.01254,1.01273,1.00,1.00
2014.08.07 10:35:50.578,1.01253,1.01273,1.10,1.00
2014.08.07 10:35:50.886,1.01251,1.01272,1.10,1.00
2014.08.07 10:35:50.936,1.01253,1.01272,1.13,1.00
2014.08.07 10:35:51.289,1.0125,1.01271,1.18,1.00
2014.08.07 10:35:51.339,1.01249,1.01271,1.20,1.58
2014.08.07 10:35:51.642,1.0125,1.01266,1.00,1.00
2014.08.07 10:35:51.692,1.0125,1.01271,1.00,1.00
2014.08.07 10:35:52.145,1.01252,1.01271,1.00,1.00
2014.08.07 10:35:52.658,1.01252,1.01272,1.00,1.50
2014.08.07 10:35:52.759,1.01248,1.0127,1.50,2.25
2014.08.07 10:35:52.860,1.01248,1.01267,1.00,1.00
2014.08.07 10:35:52.961,1.01244,1.01266,1.18,1.58
2014.08.07 10:35:53.079,1.01244,1.01266,1.10,1.58
2014.08.07 10:35:54.377,1.01242,1.01264,1.18,1.00
2014.08.07 10:35:54.679,1.01242,1.01262,1.20,1.50
2014.08.07 10:35:55.239,1.01243,1.01262,1.00,1.00
2014.08.07 10:35:55.747,1.01242,1.01261,1.00,1.00
2014.08.07 10:35:56.261,1.01241,1.01261,1.00,1.00
2014.08.07 10:35:59.680,1.01242,1.01261,1.00,1.00
2014.08.07 10:36:00.246,1.01242,1.01261,1.08,1.00
2014.08.07 10:36:01.795,1.01239,1.01259,1.65,1.00
2014.08.07 10:36:01.846,1.01239,1.01259,1.58,1.00
2014.08.07 10:36:01.897,1.01239,1.01257,1.10,1.00
2014.08.07 10:36:01.998,1.01235,1.01255,1.20,1.00
2014.08.07 10:36:02.250,1.01236,1.01252,1.00,1.00
2014.08.07 10:36:02.552,1.0124,1.01256,1.18,1.00
2014.08.07 10:36:03.185,1.0124,1.01256,1.00,1.00
2014.08.07 10:36:03.782,1.01236,1.01256,1.15,1.00
2014.08.07 10:36:03.934,1.01235,1.01256,1.10,1.00
2014.08.07 10:36:04.337,1.01236,1.01251,1.00,1.00
2014.08.07 10:36:04.489,1.01233,1.01251,1.00,1.00
2014.08.07 10:36:04.902,1.01229,1.01246,1.15,1.00
2014.08.07 10:36:05.003,1.01229,1.01246,1.08,1.00
2014.08.07 10:36:05.103,1.01229,1.01249,1.08,1.00
2014.08.07 10:36:05.204,1.01232,1.01251,1.00,1.10
2014.08.07 10:36:06.087,1.01232,1.01246,1.00,1.00
2014.08.07 10:36:06.391,1.01227,1.01246,1.15,1.00
2014.08.07 10:36:06.895,1.01231,1.01246,1.18,1.00
2014.08.07 10:36:07.099,1.01232,1.01251,1.15,1.00
2014.08.07 10:36:07.307,1.01232,1.01247,1.28,1.00
2014.08.07 10:36:07.509,1.01231,1.01247,1.18,1.00
2014.08.07 10:36:07.728,1.01228,1.01246,1.08,1.00
2014.08.07 10:36:08.238,1.01228,1.01247,1.08,1.00
2014.08.07 10:36:08.784,1.01229,1.01247,1.18,1.00
2014.08.07 10:36:09.393,1.01229,1.01247,1.20,1.00
2014.08.07 10:36:09.633,1.01227,1.01246,1.00,1.00
2014.08.07 10:36:10.086,1.01226,1.01241,1.00,1.00
2014.08.07 10:36:10.398,1.01224,1.01246,1.58,1.50
2014.08.07 10:36:10.928,1.01224,1.01244,1.08,1.00
2014.08.07 10:36:11.029,1.01218,1.01246,2.03,1.28
2014.08.07 10:36:13.354,1.01217,1.01242,4.20,1.00
2014.08.07 10:36:13.569,1.01217,1.01236,4.20,1.00
2014.08.07 10:36:13.770,1.01214,1.01236,7.13,1.00
2014.08.07 10:36:13.921,1.01214,1.01241,7.13,1.00
2014.08.07 10:36:14.072,1.01216,1.01241,4.20,1.00
2014.08.07 10:36:14.818,1.01216,1.01236,3.83,1.00
2014.08.07 10:36:15.020,1.01214,1.01236,3.83,1.00
2014.08.07 10:36:15.071,1.01214,1.01236,1.65,1.00
2014.08.07 10:36:15.122,1.01214,1.01241,2.40,1.18
2014.08.07 10:36:15.326,1.01213,1.01237,2.03,1.00
2014.08.07 10:36:15.877,1.01213,1.01236,1.65,1.00
2014.08.07 10:36:20.549,1.01212,1.01234,1.15,1.00
2014.08.07 10:36:20.700,1.01212,1.01234,1.10,1.18
2014.08.07 10:36:20.851,1.01214,1.01234,1.00,1.15
2014.08.07 10:36:20.902,1.01214,1.01234,1.00,1.13
2014.08.07 10:36:20.952,1.01209,1.01229,1.65,1.00
2014.08.07 10:36:21.053,1.01208,1.01228,1.58,1.00
2014.08.07 10:36:21.154,1.01206,1.01228,2.25,1.18
2014.08.07 10:36:21.255,1.01206,1.01228,1.00,1.15
2014.08.07 10:36:21.777,1.01205,1.01225,1.00,1.20
2014.08.07 10:36:22.083,1.01203,1.01223,1.00,1.00
2014.08.07 10:36:22.440,1.01204,1.01223,1.18,1.00
2014.08.07 10:36:22.950,1.0121,1.01226,1.00,1.00
2014.08.07 10:36:23.252,1.01213,1.01226,1.15,1.00
2014.08.07 10:36:23.404,1.01218,1.01237,1.15,1.00
2014.08.07 10:36:23.976,1.01216,1.01238,3.08,1.00
2014.08.07 10:36:24.494,1.01219,1.01239,1.15,1.00
2014.08.07 10:36:24.595,1.01216,1.01235,2.33,1.00
2014.08.07 10:36:24.746,1.01213,1.01233,1.08,1.13
2014.08.07 10:36:24.797,1.0121,1.0123,1.15,1.00
2014.08.07 10:36:24.899,1.01215,1.01236,1.00,2.03
2014.08.07 10:36:25.100,1.01216,1.01236,1.00,1.13
2014.08.07 10:36:25.201,1.01213,1.01233,1.00,1.00
2014.08.07 10:36:25.403,1.01207,1.01229,1.00,1.00
2014.08.07 10:36:25.604,1.01209,1.01229,1.50,1.00
2014.08.07 10:36:25.705,1.01214,1.01236,1.00,1.10
2014.08.07 10:36:25.907,1.01217,1.01237,1.00,1.50
2014.08.07 10:36:26.426,1.01215,1.01235,1.00,1.00
2014.08.07 10:36:26.579,1.01213,1.01235,1.00,1.00
2014.08.07 10:36:27.114,1.01209,1.01227,1.65,1.00
2014.08.07 10:36:27.366,1.0121,1.0123,1.00,1.00
2014.08.07 10:36:27.718,1.01212,1.01231,1.00,1.00
2014.08.07 10:36:27.921,1.01213,1.01233,1.00,1.00
2014.08.07 10:36:28.133,1.01214,1.01236,1.00,1.50
2014.08.07 10:36:30.840,1.01214,1.01232,1.00,1.00
2014.08.07 10:36:31.056,1.01214,1.01236,1.00,1.50
2014.08.07 10:36:32.074,1.01214,1.01231,1.10,1.00
2014.08.07 10:36:36.820,1.01214,1.01232,1.10,1.00
2014.08.07 10:36:37.194,1.01212,1.01231,1.10,1.00
2014.08.07 10:36:38.708,1.01214,1.01231,1.10,1.00
2014.08.07 10:36:39.216,1.01215,1.01232,1.00,1.00
2014.08.07 10:36:39.732,1.01215,1.01231,1.00,1.00
2014.08.07 10:36:40.324,1.01216,1.01231,1.00,1.00
2014.08.07 10:36:40.425,1.01216,1.01236,1.00,1.10
2014.08.07 10:36:41.207,1.01217,1.01237,1.00,1.65
2014.08.07 10:36:41.818,1.01217,1.01237,1.00,1.50
2014.08.07 10:36:42.255,1.01215,1.01235,1.18,1.00
2014.08.07 10:36:42.557,1.01213,1.01231,1.00,1.10
2014.08.07 10:36:42.859,1.01208,1.01221,1.00,1.00
2014.08.07 10:36:43.193,1.01207,1.01226,1.10,1.00
2014.08.07 10:36:43.596,1.01206,1.01221,1.00,1.00
2014.08.07 10:36:44.262,1.01204,1.01221,1.18,1.00
2014.08.07 10:36:44.564,1.01201,1.01221,1.18,1.00
2014.08.07 10:36:44.664,1.01201,1.01221,1.20,1.00
2014.08.07 10:36:46.129,1.01199,1.01216,1.18,1.00
2014.08.07 10:36:46.180,1.01199,1.01216,1.10,1.00
2014.08.07 10:36:46.690,1.01199,1.01221,1.65,1.50
2014.08.07 10:36:47.193,1.01201,1.01221,1.00,1.00
2014.08.07 10:36:47.773,1.012,1.0122,1.20,1.00
2014.08.07 10:36:48.863,1.012,1.0122,1.18,1.00
2014.08.07 10:36:52.132,1.01201,1.01221,1.10,1.00
2014.08.07 10:36:52.496,1.01201,1.01221,1.08,1.00
2014.08.07 10:36:53.004,1.01204,1.01222,1.00,1.00
2014.08.07 10:36:54.335,1.01204,1.01224,1.00,1.20
2014.08.07 10:36:57.126,1.01204,1.01221,1.20,1.00
2014.08.07 10:36:58.272,1.01207,1.01221,1.00,1.00
2014.08.07 10:36:58.373,1.0121,1.01226,1.00,1.00
2014.08.07 10:36:58.901,1.01211,1.01227,1.10,1.00
2014.08.07 10:36:58.952,1.01215,1.01227,1.00,1.00
2014.08.07 10:36:59.154,1.01217,1.01237,1.18,1.88
2014.08.07 10:36:59.355,1.01218,1.0124,1.15,1.13
2014.08.07 10:37:00.217,1.01218,1.0124,1.10,1.13
2014.08.07 10:37:00.733,1.01218,1.0124,1.10,1.38
2014.08.07 10:37:01.303,1.01218,1.0124,1.15,1.38
2014.08.07 10:37:01.353,1.01218,1.01237,1.15,1.50
2014.08.07 10:37:01.655,1.01212,1.01227,3.53,1.00
2014.08.07 10:37:01.756,1.01212,1.01227,1.60,1.00
2014.08.07 10:37:02.295,1.01212,1.01226,1.60,1.00
2014.08.07 10:37:03.395,1.01212,1.01227,1.45,1.00
2014.08.07 10:37:04.009,1.01212,1.01227,1.45,1.00
2014.08.07 10:37:04.567,1.01212,1.01227,1.45,1.00
2014.08.07 10:37:04.857,1.01212,1.01226,1.00,1.00
2014.08.07 10:37:06.597,1.01213,1.01226,1.00,1.00
2014.08.07 10:37:07.100,1.01212,1.01226,1.10,1.00
2014.08.07 10:37:08.286,1.01211,1.01226,1.00,1.00
2014.08.07 10:37:10.515,1.01211,1.01226,1.18,1.00
2014.08.07 10:37:11.882,1.01207,1.01221,2.33,1.00
2014.08.07 10:37:11.982,1.01206,1.01221,1.15,1.00
2014.08.07 10:37:12.134,1.01204,1.01226,2.40,1.00
2014.08.07 10:37:12.326,1.01203,1.01222,1.65,1.00
2014.08.07 10:37:12.377,1.01202,1.01222,1.65,1.00
2014.08.07 10:37:12.629,1.01204,1.01222,1.15,1.00
2014.08.07 10:37:12.679,1.01204,1.01224,1.15,1.00
2014.08.07 10:37:12.831,1.01207,1.01227,1.50,1.50
2014.08.07 10:37:14.813,1.01208,1.01228,2.25,1.00
2014.08.07 10:37:15.322,1.01208,1.01227,2.33,1.00
2014.08.07 10:37:22.380,1.01207,1.01227,1.00,1.50
2014.08.07 10:37:22.531,1.01207,1.01226,1.65,1.00
2014.08.07 10:37:22.682,1.01207,1.01229,2.40,1.00
2014.08.07 10:37:22.733,1.01207,1.01229,1.15,1.00
2014.08.07 10:37:26.063,1.01207,1.01227,1.15,1.00
2014.08.07 10:37:26.397,1.01205,1.01221,1.65,1.00
2014.08.07 10:37:26.548,1.01203,1.01221,1.15,1.00
2014.08.07 10:37:27.386,1.01203,1.01223,1.15,1.00
2014.08.07 10:37:27.486,1.01203,1.01225,2.40,1.00
2014.08.07 10:37:28.040,1.01207,1.01227,1.18,1.50
2014.08.07 10:37:28.342,1.01207,1.01227,1.15,1.00
2014.08.07 10:37:28.393,1.01207,1.01229,1.20,1.00
2014.08.07 10:37:28.851,1.01207,1.01226,1.20,1.00
2014.08.07 10:37:36.312,1.01207,1.01227,1.20,1.00
2014.08.07 10:37:37.980,1.01204,1.01226,2.40,1.00
2014.08.07 10:37:38.030,1.01204,1.01226,1.08,1.10
2014.08.07 10:37:38.549,1.01204,1.01225,1.58,1.00
2014.08.07 10:37:44.859,1.01209,1.01227,1.00,1.00
2014.08.07 10:37:45.110,1.01209,1.01231,1.20,1.88
2014.08.07 10:37:45.671,1.01209,1.01231,1.20,1.50
2014.08.07 10:37:46.183,1.01208,1.0123,1.15,1.00
2014.08.07 10:37:46.845,1.01208,1.01226,1.15,1.00
2014.08.07 10:37:47.411,1.01208,1.01227,1.15,1.00
2014.08.07 10:37:49.270,1.0121,1.01227,1.00,1.00
2014.08.07 10:37:49.861,1.0121,1.0123,1.00,1.00
2014.08.07 10:37:51.876,1.01211,1.01231,1.00,1.00
2014.08.07 10:37:53.385,1.01212,1.01231,1.00,1.00
2014.08.07 10:37:53.536,1.0121,1.01231,1.15,1.00
2014.08.07 10:37:53.637,1.0121,1.01231,1.15,1.00
2014.08.07 10:37:53.788,1.01209,1.01228,3.83,1.00
2014.08.07 10:37:53.990,1.0121,1.01227,1.10,1.00
2014.08.07 10:37:54.292,1.01212,1.01227,1.00,1.00
2014.08.07 10:37:54.596,1.01212,1.01226,1.18,1.00
2014.08.07 10:37:55.004,1.01214,1.01232,1.10,1.00
2014.08.07 10:37:55.512,1.01214,1.01231,1.10,1.00
2014.08.07 10:37:57.992,1.01213,1.01231,1.00,1.00
2014.08.07 10:37:58.093,1.01211,1.01231,1.10,1.50
2014.08.07 10:37:58.194,1.0121,1.01227,1.10,1.00
2014.08.07 10:37:58.626,1.0121,1.0123,1.08,1.00
2014.08.07 10:37:58.878,1.01213,1.01232,1.08,1.00
2014.08.07 10:37:59.080,1.01215,1.01235,1.20,1.00
2014.08.07 10:37:59.332,1.01216,1.01236,1.08,1.50
2014.08.07 10:37:59.893,1.01218,1.01236,1.50,1.00
2014.08.07 10:38:00.715,1.01218,1.01237,1.50,1.00
2014.08.07 10:38:01.216,1.01218,1.01236,1.50,1.00
2014.08.07 10:38:01.805,1.01218,1.01237,1.50,1.00
2014.08.07 10:38:02.339,1.01219,1.01237,1.50,1.00
2014.08.07 10:38:02.846,1.01223,1.01236,1.00,1.00
2014.08.07 10:38:03.149,1.01223,1.01232,1.50,1.00
2014.08.07 10:38:03.199,1.01217,1.01232,1.15,1.00
2014.08.07 10:38:03.250,1.01216,1.01232,1.65,1.00
2014.08.07 10:38:03.351,1.01215,1.01231,1.20,1.00
2014.08.07 10:38:03.704,1.01211,1.01226,1.15,1.00
2014.08.07 10:38:03.805,1.01211,1.01227,1.10,1.00
2014.08.07 10:38:04.891,1.01209,1.01226,1.18,1.00
2014.08.07 10:38:05.142,1.01209,1.01229,1.18,1.00
2014.08.07 10:38:05.445,1.01213,1.01232,1.00,1.10
2014.08.07 10:38:05.646,1.01215,1.01232,1.00,1.00
2014.08.07 10:38:05.697,1.01215,1.01235,1.00,1.00
2014.08.07 10:38:05.898,1.01215,1.01232,1.00,1.00
2014.08.07 10:38:06.401,1.01216,1.01231,1.00,1.00
2014.08.07 10:38:06.452,1.01213,1.01231,1.10,1.00
2014.08.07 10:38:09.068,1.01213,1.01232,1.10,1.00
2014.08.07 10:38:09.426,1.01211,1.01232,1.10,1.10
2014.08.07 10:38:09.935,1.01211,1.01231,1.10,1.00
2014.08.07 10:38:24.595,1.0121,1.0123,1.08,1.00
2014.08.07 10:38:25.099,1.01212,1.01231,1.10,1.00
2014.08.07 10:38:25.199,1.01214,1.01231,1.00,1.00
2014.08.07 10:38:25.351,1.01214,1.01236,1.00,1.18
2014.08.07 10:38:25.609,1.01214,1.01232,1.00,1.00
2014.08.07 10:38:26.123,1.01213,1.01232,1.00,1.10
2014.08.07 10:38:26.686,1.01212,1.01232,1.00,1.58
2014.08.07 10:38:31.064,1.01212,1.01231,1.00,1.00
2014.08.07 10:38:31.424,1.01214,1.01236,1.00,2.03
2014.08.07 10:38:31.476,1.01214,1.01236,2.40,1.88
2014.08.07 10:38:31.527,1.01217,1.01236,1.00,1.38
2014.08.07 10:38:32.091,1.01217,1.01236,1.00,1.00
2014.08.07 10:38:32.484,1.01215,1.01235,1.10,1.00
2014.08.07 10:38:39.395,1.01215,1.01236,1.10,1.13
2014.08.07 10:38:42.224,1.01212,1.01234,1.15,1.00
2014.08.07 10:38:42.324,1.01213,1.01233,1.10,1.13
2014.08.07 10:38:42.425,1.01209,1.01231,1.15,1.00
2014.08.07 10:38:42.576,1.01208,1.01228,1.18,1.13
2014.08.07 10:38:42.627,1.01204,1.01223,2.33,1.00
2014.08.07 10:38:42.678,1.01203,1.01223,1.65,1.00
2014.08.07 10:38:42.784,1.01204,1.01226,1.15,1.13
2014.08.07 10:38:42.834,1.01208,1.01227,1.00,1.38
2014.08.07 10:38:42.885,1.01208,1.01228,1.50,1.00
2014.08.07 10:38:42.936,1.01209,1.01231,1.00,1.15
2014.08.07 10:38:43.338,1.01212,1.01232,1.00,1.10
2014.08.07 10:38:43.872,1.01211,1.01226,1.10,1.00
2014.08.07 10:38:45.823,1.01209,1.01229,1.18,1.00
2014.08.07 10:38:46.178,1.0121,1.0123,1.15,1.00
2014.08.07 10:38:46.724,1.0121,1.0123,1.15,1.00
2014.08.07 10:38:47.064,1.0121,1.01232,1.15,1.50
2014.08.07 10:38:47.215,1.0121,1.01232,1.15,1.50
2014.08.07 10:38:48.262,1.01209,1.01231,2.25,1.00
2014.08.07 10:38:48.312,1.01208,1.01231,1.65,1.13
2014.08.07 10:38:48.363,1.01209,1.01226,1.00,1.00
2014.08.07 10:38:49.270,1.01207,1.01226,1.15,1.00
2014.08.07 10:38:51.744,1.01211,1.01226,1.00,1.00
2014.08.07 10:38:51.895,1.01213,1.01233,1.00,1.10
2014.08.07 10:38:52.032,1.01219,1.01236,1.10,1.08
2014.08.07 10:38:52.082,1.01219,1.01237,1.18,1.00
2014.08.07 10:38:52.435,1.01217,1.01237,1.20,1.00
2014.08.07 10:38:53.405,1.01217,1.01236,1.20,1.00
2014.08.07 10:38:55.637,1.01217,1.01231,1.20,1.00
2014.08.07 10:38:56.189,1.01215,1.01231,1.08,1.00
2014.08.07 10:38:57.624,1.01212,1.01227,1.15,1.00
2014.08.07 10:38:57.725,1.0121,1.01227,1.18,1.00
2014.08.07 10:38:58.232,1.0121,1.01227,1.10,1.00
2014.08.07 10:38:59.248,1.01213,1.01227,1.00,1.00
2014.08.07 10:38:59.349,1.01215,1.01231,1.00,1.00
2014.08.07 10:38:59.449,1.01215,1.01231,1.15,1.00
2014.08.07 10:38:59.751,1.0121,1.01227,1.15,1.00
2014.08.07 10:38:59.802,1.0121,1.01227,1.18,1.00
2014.08.07 10:38:59.903,1.01209,1.01227,1.20,1.00
2014.08.07 10:39:00.431,1.01209,1.01226,1.20,1.00
2014.08.07 10:39:04.063,1.01209,1.01227,1.20,1.00
2014.08.07 10:39:04.486,1.01209,1.01227,1.18,1.00
2014.08.07 10:39:05.027,1.01209,1.01227,1.15,1.00
2014.08.07 10:39:06.043,1.01209,1.01226,1.15,1.00
2014.08.07 10:39:06.350,1.01214,1.01226,1.18,1.00
2014.08.07 10:39:06.401,1.01214,1.01231,1.18,1.00
2014.08.07 10:39:06.854,1.01211,1.01226,1.15,1.00
2014.08.07 10:39:08.353,1.01211,1.01227,1.15,1.00
2014.08.07 10:39:08.882,1.01211,1.01226,1.28,1.00
2014.08.07 10:39:10.874,1.01212,1.01226,1.18,1.00
2014.08.07 10:39:10.975,1.01212,1.01226,1.10,1.00
2014.08.07 10:39:12.548,1.0121,1.01227,1.18,1.00
2014.08.07 10:39:13.107,1.01208,1.01226,1.15,1.00
2014.08.07 10:39:17.205,1.01211,1.01226,1.08,1.00
2014.08.07 10:39:17.374,1.01211,1.01231,1.15,1.00
2014.08.07 10:39:17.594,1.01211,1.01226,1.15,1.00
2014.08.07 10:39:18.411,1.01211,1.01226,1.15,1.00
2014.08.07 10:39:22.213,1.01211,1.01231,1.18,1.50
2014.08.07 10:39:24.303,1.01211,1.01227,1.18,1.00
2014.08.07 10:39:25.200,1.01208,1.01227,1.18,1.00
2014.08.07 10:39:27.823,1.01209,1.01228,1.10,1.00
2014.08.07 10:39:28.325,1.0121,1.0123,1.00,1.00
2014.08.07 10:39:29.803,1.0121,1.01226,1.00,1.00
2014.08.07 10:39:30.353,1.0121,1.0123,1.00,1.00
2014.08.07 10:39:30.778,1.01212,1.01232,1.00,1.65
2014.08.07 10:39:30.878,1.0121,1.01232,1.00,1.65
2014.08.07 10:39:30.979,1.0121,1.01232,1.18,1.50
2014.08.07 10:39:31.340,1.01214,1.01232,1.00,1.00
2014.08.07 10:39:31.491,1.01214,1.01234,1.50,1.13
2014.08.07 10:39:32.057,1.01214,1.01236,1.18,1.38
2014.08.07 10:39:40.282,1.01218,1.01236,1.08,1.00
2014.08.07 10:39:40.771,1.01216,1.01236,1.18,1.00
2014.08.07 10:39:42.563,1.01216,1.01237,1.18,1.00
2014.08.07 10:39:42.654,1.01215,1.01234,1.65,1.00
2014.08.07 10:39:42.805,1.01215,1.01235,1.10,1.00
2014.08.07 10:39:43.007,1.01216,1.01237,1.18,1.38
2014.08.07 10:39:43.511,1.01216,1.01236,1.00,2.03
2014.08.07 10:39:44.107,1.01216,1.01236,1.08,1.88
2014.08.07 10:39:44.438,1.01216,1.01231,1.08,1.00
2014.08.07 10:39:44.750,1.01214,1.01231,1.43,1.00
2014.08.07 10:39:45.404,1.01217,1.01231,1.00,1.00
2014.08.07 10:39:48.619,1.01217,1.01236,1.00,1.00
2014.08.07 10:39:56.014,1.01216,1.01236,1.10,1.00
2014.08.07 10:39:59.075,1.01214,1.01231,1.18,1.00
2014.08.07 10:39:59.126,1.01214,1.01231,1.10,1.00
2014.08.07 10:40:10.616,1.01214,1.01232,1.00,1.00
2014.08.07 10:40:11.114,1.01214,1.01231,1.15,1.00
2014.08.07 10:40:11.778,1.01215,1.01231,1.15,1.00
2014.08.07 10:40:11.828,1.01215,1.01236,1.15,1.00
2014.08.07 10:40:12.595,1.01215,1.01236,1.18,1.00
2014.08.07 10:40:14.334,1.01215,1.01237,1.18,1.50
2014.08.07 10:40:14.958,1.0122,1.01237,1.00,1.00
2014.08.07 10:40:15.325,1.0122,1.0124,1.20,1.00
2014.08.07 10:40:15.375,1.01221,1.01241,1.15,1.00
2014.08.07 10:40:15.677,1.01225,1.01245,1.00,1.28
2014.08.07 10:40:16.178,1.01225,1.01245,1.10,1.13
2014.08.07 10:40:18.870,1.01225,1.01242,1.10,1.00
2014.08.07 10:40:19.071,1.01225,1.01245,1.10,1.13
2014.08.07 10:40:19.810,1.01225,1.01246,1.10,1.00
2014.08.07 10:40:20.383,1.01225,1.01247,1.10,1.88
2014.08.07 10:40:20.434,1.01225,1.01247,1.10,1.88
2014.08.07 10:40:22.371,1.01223,1.01243,1.65,1.00
2014.08.07 10:40:22.674,1.01223,1.01241,1.15,1.00
2014.08.07 10:40:22.824,1.01224,1.01243,1.18,1.00
2014.08.07 10:40:26.929,1.01223,1.01243,1.15,1.38
2014.08.07 10:40:27.477,1.01223,1.01245,1.15,1.38
2014.08.07 10:40:27.681,1.01224,1.01246,1.15,1.88
2014.08.07 10:40:27.883,1.01229,1.01247,1.00,1.50
2014.08.07 10:40:28.191,1.01229,1.01249,1.10,1.00
2014.08.07 10:40:28.400,1.01227,1.01247,1.15,1.00
2014.08.07 10:40:28.703,1.01225,1.01241,1.15,1.00
2014.08.07 10:40:28.892,1.01223,1.01242,1.15,1.00
2014.08.07 10:40:29.245,1.01223,1.01241,1.15,1.00
2014.08.07 10:40:29.749,1.01223,1.01241,1.15,1.00
2014.08.07 10:40:30.265,1.01222,1.01242,1.08,1.50
2014.08.07 10:40:30.366,1.01222,1.01241,1.10,1.00
2014.08.07 10:40:30.882,1.0122,1.01242,1.15,1.50
2014.08.07 10:40:30.983,1.0122,1.01242,1.08,1.88
2014.08.07 10:40:31.209,1.0122,1.0124,1.08,1.00
2014.08.07 10:40:31.631,1.01221,1.01242,1.18,1.13
2014.08.07 10:40:31.883,1.01221,1.01241,1.15,1.00
2014.08.07 10:40:31.984,1.01221,1.01242,1.10,1.13
2014.08.07 10:40:32.034,1.01223,1.01242,1.00,1.13
2014.08.07 10:40:32.135,1.0122,1.01242,1.18,1.13
2014.08.07 10:40:32.387,1.0122,1.01236,1.18,1.00
2014.08.07 10:40:32.903,1.01221,1.01236,1.08,1.00
2014.08.07 10:40:33.418,1.0122,1.01237,1.18,1.00
2014.08.07 10:40:33.934,1.01222,1.01236,1.10,1.00
2014.08.07 10:40:34.361,1.01223,1.01236,1.08,1.00
2014.08.07 10:40:34.898,1.01223,1.01236,1.15,1.00
2014.08.07 10:40:34.949,1.01223,1.01242,1.08,1.00
2014.08.07 10:40:35.513,1.01223,1.01241,1.08,1.00
2014.08.07 10:40:38.618,1.01219,1.01239,4.13,1.08
2014.08.07 10:40:38.669,1.01219,1.01239,1.50,1.15
2014.08.07 10:40:38.769,1.01219,1.0124,1.10,1.00
2014.08.07 10:40:38.870,1.0122,1.01236,1.00,1.00
2014.08.07 10:40:39.334,1.01216,1.01236,1.15,1.00
2014.08.07 10:40:39.435,1.01216,1.01236,1.10,1.00
2014.08.07 10:40:39.543,1.01218,1.01236,1.00,1.00
2014.08.07 10:40:40.656,1.01216,1.01236,1.10,1.00
2014.08.07 10:40:56.070,1.01216,1.01232,1.00,1.00
2014.08.07 10:40:58.883,1.01216,1.01231,1.00,1.00
2014.08.07 10:40:59.802,1.01216,1.01231,1.08,1.00
2014.08.07 10:41:06.759,1.01217,1.01231,1.18,1.00
2014.08.07 10:41:07.158,1.01217,1.01232,1.10,1.00
2014.08.07 10:41:08.160,1.01217,1.01231,1.10,1.00
2014.08.07 10:41:08.701,1.01217,1.01232,1.10,1.00
2014.08.07 10:41:08.802,1.01219,1.01232,1.00,1.00
2014.08.07 10:41:09.368,1.01219,1.01231,1.08,1.00
2014.08.07 10:41:13.450,1.01219,1.01236,1.08,1.00
2014.08.07 10:41:14.062,1.01219,1.01231,1.08,1.00
2014.08.07 10:41:14.264,1.01214,1.01231,1.28,1.00
2014.08.07 10:41:14.364,1.01214,1.01231,1.28,1.00
2014.08.07 10:41:14.415,1.01216,1.01231,1.00,1.00
2014.08.07 10:41:14.890,1.01214,1.01231,1.10,1.00
2014.08.07 10:41:16.060,1.01214,1.01227,1.00,1.00
2014.08.07 10:41:16.630,1.01213,1.01227,1.00,1.00
2014.08.07 10:41:16.884,1.01211,1.01227,1.10,1.00
2014.08.07 10:41:21.322,1.01211,1.01226,1.10,1.00
2014.08.07 10:41:25.612,1.01209,1.01231,1.65,1.50
2014.08.07 10:41:28.044,1.01209,1.01226,1.18,1.00
2014.08.07 10:41:29.029,1.01209,1.01226,1.20,1.00
2014.08.07 10:41:31.324,1.01207,1.01226,1.18,1.00
2014.08.07 10:41:31.375,1.01207,1.01221,1.18,1.00
2014.08.07 10:41:31.526,1.01205,1.01221,1.00,1.00
2014.08.07 10:41:32.044,1.01206,1.01222,1.00,1.00
2014.08.07 10:41:32.449,1.01201,1.01221,1.18,1.00
2014.08.07 10:41:32.549,1.01201,1.01221,1.20,1.00
2014.08.07 10:41:40.355,1.01203,1.01221,1.08,1.00
2014.08.07 10:41:52.695,1.01203,1.01223,1.58,1.13
2014.08.07 10:41:57.354,1.01204,1.01224,1.10,1.13
2014.08.07 10:41:57.868,1.01204,1.01224,1.00,1.38
2014.08.07 10:41:58.775,1.01203,1.01222,1.00,1.00
2014.08.07 10:41:59.860,1.01204,1.01224,1.00,1.38
2014.08.07 10:42:00.772,1.01204,1.01226,1.00,1.15
2014.08.07 10:42:00.923,1.01204,1.01226,1.18,1.00
2014.08.07 10:42:01.024,1.01204,1.01226,1.10,1.08
2014.08.07 10:42:01.074,1.01207,1.01227,1.00,1.65
2014.08.07 10:42:01.175,1.01205,1.01225,1.20,1.00
2014.08.07 10:42:01.377,1.01201,1.01221,1.18,1.00
2014.08.07 10:42:01.768,1.01199,1.01219,1.15,1.00
2014.08.07 10:42:06.374,1.01199,1.01221,1.65,1.50
2014.08.07 10:42:17.537,1.01203,1.01222,1.00,1.10
2014.08.07 10:42:18.532,1.01207,1.01227,1.00,3.83
2014.08.07 10:42:18.633,1.01207,1.01227,1.00,1.65
2014.08.07 10:42:18.784,1.01207,1.01227,1.10,1.50
2014.08.07 10:42:19.119,1.01207,1.01221,1.10,1.00
2014.08.07 10:42:20.224,1.01203,1.01221,1.18,1.00
2014.08.07 10:42:20.275,1.01203,1.01221,1.20,1.00
2014.08.07 10:42:20.778,1.01202,1.01221,1.10,1.00
2014.08.07 10:42:22.152,1.01202,1.01217,1.10,1.00
2014.08.07 10:42:25.602,1.012,1.01222,1.18,1.50
2014.08.07 10:42:32.950,1.012,1.01222,1.10,1.50
2014.08.07 10:42:40.903,1.012,1.01222,1.08,1.50
2014.08.07 10:42:45.901,1.01201,1.01222,1.00,1.13
2014.08.07 10:42:47.987,1.01204,1.01222,1.00,1.13
2014.08.07 10:42:48.144,1.01201,1.01222,1.18,1.13
2014.08.07 10:42:48.649,1.01201,1.01222,1.10,1.13
2014.08.07 10:42:52.674,1.01201,1.01221,1.10,1.00
2014.08.07 10:43:00.100,1.01203,1.01221,1.00,1.00
2014.08.07 10:43:00.609,1.01203,1.01222,1.00,1.00
2014.08.07 10:43:01.112,1.01202,1.01221,1.00,1.00
2014.08.07 10:43:01.697,1.012,1.01221,1.18,1.00
2014.08.07 10:43:02.410,1.012,1.01222,1.18,1.88
2014.08.07 10:43:04.171,1.012,1.01221,1.18,1.00
2014.08.07 10:43:04.512,1.01203,1.01221,1.10,1.00
2014.08.07 10:43:04.851,1.01203,1.01221,1.15,1.00
2014.08.07 10:43:05.488,1.01203,1.01221,1.00,1.00
2014.08.07 10:43:06.018,1.01202,1.01222,1.10,1.50
2014.08.07 10:43:07.315,1.01201,1.01221,1.18,1.00
2014.08.07 10:43:09.107,1.01198,1.01218,1.15,1.00
2014.08.07 10:43:09.208,1.01197,1.01216,1.15,1.00
2014.08.07 10:43:10.031,1.012,1.01216,1.10,1.00
2014.08.07 10:43:10.131,1.01199,1.01219,1.18,1.00
2014.08.07 10:43:10.750,1.01199,1.01219,1.10,1.00
2014.08.07 10:43:11.805,1.01198,1.0122,1.18,1.00
2014.08.07 10:43:12.307,1.01198,1.0122,1.18,1.38
2014.08.07 10:43:12.358,1.01197,1.01216,1.15,1.00
2014.08.07 10:43:12.660,1.01199,1.01216,1.18,1.00
2014.08.07 10:43:14.660,1.01199,1.01221,1.65,1.88
2014.08.07 10:43:14.912,1.01203,1.01221,1.18,1.00
2014.08.07 10:43:15.063,1.01203,1.01223,1.00,1.00
2014.08.07 10:43:15.214,1.01203,1.01225,1.18,1.13
2014.08.07 10:43:19.593,1.01203,1.01222,1.18,1.00
2014.08.07 10:43:19.794,1.01203,1.01225,1.18,1.00
2014.08.07 10:43:27.122,1.01203,1.01225,1.15,1.13
2014.08.07 10:43:27.657,1.01205,1.01225,1.18,1.00
2014.08.07 10:43:32.955,1.01202,1.01222,2.40,1.00
2014.08.07 10:43:33.056,1.012,1.01222,1.15,1.00
2014.08.07 10:43:33.308,1.01201,1.01223,1.10,1.20
2014.08.07 10:43:33.908,1.01201,1.01223,1.18,1.20
2014.08.07 10:43:36.353,1.01203,1.01223,1.00,1.20
2014.08.07 10:43:44.166,1.01202,1.01223,1.10,1.00
2014.08.07 10:43:44.267,1.01201,1.01221,1.18,1.00
2014.08.07 10:43:46.297,1.01206,1.01226,1.00,1.53
2014.08.07 10:43:46.398,1.01206,1.01226,1.10,1.38
2014.08.07 10:43:46.499,1.01209,1.01229,1.00,1.08
2014.08.07 10:43:46.549,1.01209,1.01229,1.10,1.00
2014.08.07 10:43:46.701,1.01211,1.01231,1.00,1.55
2014.08.07 10:43:47.003,1.01211,1.01231,1.15,1.00
2014.08.07 10:43:47.507,1.0121,1.01231,1.18,1.00
2014.08.07 10:43:48.849,1.0121,1.01232,1.18,1.50
2014.08.07 10:43:49.201,1.01208,1.0123,1.15,1.00
2014.08.07 10:43:49.252,1.01208,1.0123,1.00,1.18
2014.08.07 10:43:49.302,1.01206,1.01226,2.40,1.00
2014.08.07 10:43:50.493,1.01206,1.01226,1.00,1.00
2014.08.07 10:43:50.594,1.01206,1.01228,1.00,1.20
2014.08.07 10:43:51.929,1.01205,1.01225,1.20,1.00
2014.08.07 10:43:53.126,1.01206,1.01226,1.00,1.00
2014.08.07 10:43:54.609,1.01203,1.01225,3.15,1.00
2014.08.07 10:43:54.914,1.01207,1.01227,1.00,1.58
2014.08.07 10:43:55.830,1.01208,1.01228,1.00,1.00
2014.08.07 10:43:55.930,1.01208,1.0123,1.08,1.00
2014.08.07 10:43:56.095,1.0121,1.01233,1.10,1.18
2014.08.07 10:43:56.145,1.01215,1.01235,1.00,1.08
2014.08.07 10:43:56.246,1.01215,1.01236,1.08,1.00
2014.08.07 10:43:56.347,1.01218,1.01237,1.00,1.00
2014.08.07 10:43:56.801,1.01214,1.01236,1.15,1.00
2014.08.07 10:43:57.104,1.01214,1.01232,1.15,1.00
2014.08.07 10:43:57.530,1.01211,1.01232,1.15,1.00
2014.08.07 10:43:58.661,1.01212,1.01231,1.18,1.00
2014.08.07 10:44:01.453,1.01211,1.01231,1.18,1.50
2014.08.07 10:44:10.573,1.01213,1.01231,1.15,1.00
2014.08.07 10:44:10.882,1.01216,1.01231,1.15,1.00
2014.08.07 10:44:11.350,1.01216,1.01231,1.10,1.00
2014.08.07 10:44:11.451,1.01216,1.01236,1.10,1.00
2014.08.07 10:44:11.552,1.01216,1.01236,1.15,1.00
2014.08.07 10:44:11.791,1.01216,1.01236,1.00,1.00
2014.08.07 10:44:11.841,1.01216,1.01231,1.00,1.00
2014.08.07 10:44:12.043,1.01213,1.01232,1.15,1.00
2014.08.07 10:44:12.567,1.01213,1.01231,1.15,1.00
2014.08.07 10:44:13.689,1.01213,1.01233,1.65,1.00
2014.08.07 10:44:14.183,1.01215,1.01235,1.50,1.00
2014.08.07 10:44:14.727,1.01213,1.01235,1.15,1.38
2014.08.07 10:44:16.918,1.0121,1.01231,1.15,1.00
2014.08.07 10:44:17.019,1.0121,1.01231,1.15,1.00
2014.08.07 10:44:17.321,1.01213,1.01232,1.00,1.00
2014.08.07 10:44:18.125,1.01213,1.01234,1.10,1.38
2014.08.07 10:44:18.430,1.01218,1.0124,1.00,1.28
2014.08.07 10:44:18.594,1.01218,1.0124,1.18,1.00
2014.08.07 10:44:19.213,1.0122,1.0124,1.00,1.00
2014.08.07 10:44:19.732,1.01217,1.01239,1.10,1.20
2014.08.07 10:44:20.249,1.01217,1.01237,1.00,1.13
2014.08.07 10:44:20.857,1.01217,1.01236,1.00,1.50
2014.08.07 10:44:22.602,1.01215,1.01236,1.00,1.65
2014.08.07 10:44:24.693,1.01215,1.01236,1.00,1.65
2014.08.07 10:44:32.240,1.01215,1.01236,1.00,1.65
2014.08.07 10:44:33.329,1.01216,1.01236,1.00,1.65
2014.08.07 10:44:33.430,1.01218,1.01238,1.00,1.18
2014.08.07 10:44:34.030,1.01218,1.01238,1.65,1.00
2014.08.07 10:44:35.328,1.01219,1.01241,1.00,1.58
2014.08.07 10:44:39.149,1.01218,1.01237,1.10,1.00
2014.08.07 10:44:39.674,1.01218,1.01236,1.00,1.00
2014.08.07 10:44:40.681,1.01216,1.01236,1.10,1.00
2014.08.07 10:44:40.782,1.01216,1.01238,1.10,1.10
2014.08.07 10:44:40.883,1.01217,1.01237,1.00,1.08
2014.08.07 10:44:41.650,1.01218,1.0124,1.00,1.53
2014.08.07 10:44:41.801,1.01218,1.0124,1.00,1.28
2014.08.07 10:44:53.416,1.01219,1.0124,1.00,1.28
2014.08.07 10:44:59.558,1.01218,1.0124,1.00,1.15
2014.08.07 10:45:00.684,1.01217,1.01237,1.10,1.50
2014.08.07 10:45:03.440,1.01217,1.01237,1.00,1.65
2014.08.07 10:45:05.166,1.01217,1.01237,1.00,1.50
2014.08.07 10:45:05.731,1.01218,1.01237,1.00,1.00
2014.08.07 10:45:06.238,1.01219,1.01239,1.00,1.08
2014.08.07 10:45:06.741,1.01219,1.01239,1.00,1.00
2014.08.07 10:45:08.808,1.0122,1.0124,1.00,1.28
2014.08.07 10:45:20.438,1.0122,1.0124,1.10,1.38
2014.08.07 10:45:24.987,1.01219,1.0124,1.18,1.13
2014.08.07 10:45:26.650,1.01221,1.01241,1.00,1.10
2014.08.07 10:45:26.852,1.01224,1.01244,1.50,1.55
2014.08.07 10:45:27.156,1.01225,1.01247,1.00,1.95
2014.08.07 10:45:27.257,1.01228,1.01247,1.00,1.10
2014.08.07 10:45:27.776,1.01229,1.01248,1.00,1.20
2014.08.07 10:45:28.082,1.01227,1.01246,1.00,1.00
2014.08.07 10:45:28.183,1.01225,1.01246,1.20,1.00
2014.08.07 10:45:28.636,1.01225,1.01241,1.00,1.00
2014.08.07 10:45:29.156,1.01224,1.01244,1.50,1.10
2014.08.07 10:45:35.762,1.01224,1.01244,1.50,1.18
2014.08.07 10:45:36.115,1.01224,1.01241,1.00,1.00
2014.08.07 10:45:37.331,1.01221,1.01241,1.00,1.50
2014.08.07 10:45:39.109,1.01222,1.01241,1.00,1.00
2014.08.07 10:45:39.838,1.01224,1.01242,1.00,1.00
2014.08.07 10:45:40.168,1.01222,1.01241,1.00,1.00
2014.08.07 10:45:44.375,1.01224,1.01242,1.00,1.00
2014.08.07 10:45:44.539,1.01224,1.01246,1.50,1.65
2014.08.07 10:45:45.634,1.01224,1.01243,1.00,1.50
2014.08.07 10:45:45.886,1.01221,1.01241,1.18,1.50
2014.08.07 10:45:46.038,1.01221,1.01241,1.00,3.15
2014.08.07 10:45:46.808,1.0122,1.0124,1.00,1.00
2014.08.07 10:45:47.010,1.01219,1.01237,1.00,1.00
2014.08.07 10:45:47.111,1.01217,1.01236,1.00,1.00
2014.08.07 10:45:48.130,1.01216,1.01236,1.10,1.00
2014.08.07 10:45:49.119,1.01218,1.01236,1.00,1.00
2014.08.07 10:45:49.659,1.01218,1.01237,1.00,1.00
2014.08.07 10:45:50.301,1.01216,1.01236,1.00,1.00
2014.08.07 10:45:53.856,1.01217,1.01236,1.00,1.00
2014.08.07 10:45:56.415,1.01214,1.01236,1.65,1.50
2014.08.07 10:46:00.620,1.01217,1.01236,1.00,1.00
2014.08.07 10:46:01.149,1.01217,1.01236,1.18,1.00
2014.08.07 10:46:03.694,1.01217,1.01236,1.10,1.00
2014.08.07 10:46:28.327,1.01219,1.01239,1.00,1.10
2014.08.07 10:46:33.803,1.01219,1.01237,1.00,1.00
2014.08.07 10:46:33.854,1.01217,1.01236,1.10,1.00
2014.08.07 10:46:34.368,1.01216,1.01236,1.00,1.10
2014.08.07 10:46:35.988,1.01217,1.01237,1.10,1.00
2014.08.07 10:46:42.078,1.01217,1.01236,1.10,1.00
2014.08.07 10:46:42.129,1.0122,1.01236,1.00,1.00
2014.08.07 10:46:42.330,1.01221,1.01241,1.00,1.18
2014.08.07 10:46:43.838,1.01221,1.01236,1.00,1.00
2014.08.07 10:46:44.039,1.01219,1.01236,1.00,1.00
2014.08.07 10:46:46.395,1.01218,1.01236,1.00,1.00
2014.08.07 10:46:48.248,1.01215,1.01236,1.08,1.00
2014.08.07 10:46:48.349,1.01215,1.01231,1.00,1.00
2014.08.07 10:46:48.601,1.01215,1.01235,1.00,1.10
2014.08.07 10:46:54.634,1.01218,1.01237,1.00,1.20
2014.08.07 10:47:04.344,1.01217,1.01237,1.00,1.58
2014.08.07 10:47:04.678,1.01215,1.01231,1.00,1.00
2014.08.07 10:47:05.323,1.01215,1.01232,1.00,1.00
2014.08.07 10:47:09.267,1.01212,1.01232,1.18,1.50
2014.08.07 10:47:09.903,1.01212,1.01232,1.00,1.65
2014.08.07 10:47:10.567,1.01212,1.01226,1.00,1.00
2014.08.07 10:47:10.974,1.01209,1.01226,1.60,1.00
2014.08.07 10:47:11.509,1.01209,1.01226,1.00,1.00
2014.08.07 10:47:12.578,1.0121,1.01226,1.00,1.00
2014.08.07 10:47:12.679,1.0121,1.0123,1.00,1.18
2014.08.07 10:47:12.883,1.01208,1.01226,1.00,1.00
2014.08.07 10:47:12.984,1.01206,1.01226,1.10,1.00
2014.08.07 10:47:13.135,1.01203,1.01221,1.53,1.00
2014.08.07 10:47:17.285,1.01204,1.01226,1.53,1.50
2014.08.07 10:47:17.895,1.01207,1.01226,1.13,1.00
2014.08.07 10:47:21.604,1.01207,1.01227,1.00,1.10
2014.08.07 10:47:21.655,1.01207,1.01227,1.48,1.00
2014.08.07 10:47:23.327,1.01209,1.01226,1.13,1.00
2014.08.07 10:47:24.667,1.01209,1.01227,1.13,1.00
2014.08.07 10:47:27.397,1.01209,1.01229,1.13,1.00
2014.08.07 10:47:32.528,1.01209,1.01229,1.28,1.00
2014.08.07 10:47:32.729,1.01209,1.01231,1.55,1.10
2014.08.07 10:47:40.706,1.01212,1.01231,1.00,1.10
2014.08.07 10:47:50.443,1.01209,1.0123,1.18,1.00
2014.08.07 10:47:50.544,1.01209,1.01227,1.18,1.00
2014.08.07 10:47:50.652,1.01207,1.01226,1.00,1.10
2014.08.07 10:47:50.957,1.01205,1.01225,1.00,1.00
2014.08.07 10:47:51.062,1.01202,1.01222,1.00,1.00
2014.08.07 10:47:51.587,1.01201,1.01221,1.00,1.10
2014.08.07 10:47:53.643,1.01199,1.01221,1.58,1.95
2014.08.07 10:47:54.566,1.01199,1.01217,1.10,1.00
2014.08.07 10:47:55.349,1.01199,1.01221,1.58,1.58
2014.08.07 10:47:57.948,1.01199,1.01218,1.10,1.00
2014.08.07 10:47:58.099,1.01197,1.01217,1.00,1.10
2014.08.07 10:47:58.150,1.01195,1.01215,1.10,1.00
2014.08.07 10:47:58.452,1.01189,1.01211,1.88,1.65
2014.08.07 10:47:58.955,1.01189,1.01211,1.88,1.65
2014.08.07 10:47:59.006,1.01189,1.01211,1.88,1.58
2014.08.07 10:48:00.066,1.01193,1.01211,1.00,1.08
2014.08.07 10:48:00.616,1.01189,1.01211,1.88,1.58
2014.08.07 10:48:01.564,1.01189,1.01206,1.13,1.00
2014.08.07 10:48:01.868,1.01185,1.01207,1.28,1.58
2014.08.07 10:48:02.286,1.01185,1.01205,1.28,1.00
2014.08.07 10:48:02.589,1.01189,1.01207,1.38,1.00
2014.08.07 10:48:02.690,1.01193,1.01213,1.50,1.08
2014.08.07 10:48:02.841,1.01194,1.01214,1.13,1.00
2014.08.07 10:48:03.260,1.01194,1.01214,1.00,1.15
2014.08.07 10:48:04.576,1.01199,1.01214,1.00,1.18
2014.08.07 10:48:04.677,1.012,1.01218,1.00,1.95
2014.08.07 10:48:04.778,1.012,1.0122,1.00,1.00
2014.08.07 10:48:05.169,1.01198,1.0122,1.50,1.00
2014.08.07 10:48:05.563,1.01198,1.01214,1.00,1.00
2014.08.07 10:48:05.614,1.01194,1.01214,1.00,1.00
2014.08.07 10:48:05.765,1.01194,1.01216,1.50,1.50
2014.08.07 10:48:05.968,1.01196,1.01216,1.00,1.00
2014.08.07 10:48:06.296,1.01196,1.01216,1.15,1.00
2014.08.07 10:48:06.347,1.01198,1.01218,1.18,1.00
2014.08.07 10:48:09.698,1.01199,1.01219,1.10,1.00
2014.08.07 10:48:16.384,1.01203,1.01219,1.00,1.00
2014.08.07 10:48:18.896,1.01199,1.01219,1.58,1.00
2014.08.07 10:48:25.168,1.01204,1.01219,1.00,1.50
2014.08.07 10:48:30.075,1.01204,1.01221,1.00,1.10
2014.08.07 10:48:30.126,1.01204,1.01226,1.50,3.53
2014.08.07 10:48:30.277,1.01204,1.01226,1.50,3.38
2014.08.07 10:48:30.428,1.01206,1.01227,1.00,1.95
2014.08.07 10:48:41.028,1.01204,1.01224,1.50,1.00
2014.08.07 10:48:41.348,1.01201,1.01223,1.00,1.53
2014.08.07 10:48:49.106,1.01201,1.01223,1.10,1.10
2014.08.07 10:48:49.970,1.01206,1.01225,1.00,1.95
2014.08.07 10:48:50.071,1.01206,1.01226,1.00,1.95
2014.08.07 10:48:50.863,1.01207,1.01229,1.00,2.63
2014.08.07 10:48:50.964,1.01207,1.01229,1.18,2.63
2014.08.07 10:48:51.312,1.01206,1.01226,1.15,1.13
2014.08.07 10:48:51.413,1.01204,1.01224,1.65,1.00
2014.08.07 10:48:59.689,1.01206,1.01226,1.00,1.48
2014.08.07 10:49:00.336,1.01206,1.01226,1.00,1.20
2014.08.07 10:49:04.111,1.01206,1.01226,1.00,1.48
2014.08.07 10:49:04.316,1.01204,1.01224,1.50,1.08
2014.08.07 10:49:04.874,1.01204,1.01222,1.00,1.00
2014.08.07 10:49:09.366,1.01202,1.01221,1.10,1.00
2014.08.07 10:49:12.797,1.01202,1.01222,1.10,1.50
2014.08.07 10:49:24.104,1.01204,1.01222,1.00,1.10
2014.08.07 10:49:29.464,1.01204,1.01223,1.00,1.00
2014.08.07 10:49:31.149,1.01203,1.01223,1.58,1.00
2014.08.07 10:49:31.843,1.01204,1.01224,1.00,1.58
2014.08.07 10:49:31.893,1.01204,1.01226,1.10,1.88
2014.08.07 10:49:31.944,1.01207,1.01226,1.00,1.50
2014.08.07 10:49:32.045,1.01205,1.01227,1.00,1.58
2014.08.07 10:49:32.476,1.01204,1.01224,1.58,1.08
2014.08.07 10:49:32.788,1.01206,1.01226,1.00,1.15
2014.08.07 10:49:33.972,1.01206,1.01226,1.00,1.10
2014.08.07 10:49:37.503,1.01204,1.01226,1.50,1.15
2014.08.07 10:49:38.139,1.01203,1.01225,1.00,1.15
2014.08.07 10:49:46.471,1.01203,1.01225,1.48,1.00
2014.08.07 10:49:49.397,1.01206,1.01226,1.00,1.18
2014.08.07 10:49:49.603,1.01209,1.01229,1.00,1.20
2014.08.07 10:49:49.805,1.01211,1.01233,1.28,1.10
2014.08.07 10:49:49.855,1.01214,1.01233,1.00,1.10
2014.08.07 10:49:50.057,1.01214,1.01235,1.13,1.00
2014.08.07 10:49:50.208,1.01214,1.01233,1.00,1.00
2014.08.07 10:49:50.814,1.01214,1.01233,1.15,1.00
2014.08.07 10:49:51.360,1.01214,1.01233,1.00,1.00
2014.08.07 10:49:52.842,1.01213,1.01232,1.20,1.00
2014.08.07 10:49:52.972,1.0121,1.01232,1.15,1.50
2014.08.07 10:49:53.023,1.0121,1.0123,1.08,1.00
2014.08.07 10:49:53.531,1.0121,1.0123,1.10,1.00
2014.08.07 10:49:58.204,1.01214,1.0123,1.00,1.00
2014.08.07 10:49:59.828,1.01214,1.01235,1.00,1.55
2014.08.07 10:50:00.344,1.01213,1.01233,1.65,1.00
2014.08.07 10:50:02.446,1.01214,1.01234,1.18,1.00
2014.08.07 10:50:02.605,1.01218,1.01234,1.00,1.00
2014.08.07 10:50:02.706,1.01218,1.01237,1.00,1.55
2014.08.07 10:50:03.122,1.01218,1.01238,1.50,1.10
2014.08.07 10:50:03.664,1.01218,1.01239,1.18,1.00
2014.08.07 10:50:04.575,1.01218,1.01238,1.18,1.50
2014.08.07 10:50:04.726,1.01218,1.01235,1.00,1.00
2014.08.07 10:50:04.827,1.01215,1.01235,1.00,1.00
2014.08.07 10:50:05.337,1.01215,1.01235,1.18,1.00
2014.08.07 10:50:06.666,1.01215,1.01235,1.10,1.00
2014.08.07 10:50:06.836,1.01216,1.01238,1.10,2.33
2014.08.07 10:50:06.937,1.01224,1.01239,1.00,1.00
2014.08.07 10:50:07.144,1.01219,1.01239,1.00,1.00
2014.08.07 10:50:07.245,1.01219,1.01238,1.00,1.08
2014.08.07 10:50:07.346,1.01215,1.01235,1.00,1.00
2014.08.07 10:50:08.146,1.01214,1.01234,1.20,1.00
2014.08.07 10:50:09.865,1.01213,1.01234,1.00,1.20
2014.08.07 10:50:12.674,1.01213,1.01233,1.00,1.00
2014.08.07 10:50:13.244,1.01214,1.01233,1.00,1.00
2014.08.07 10:50:21.694,1.01215,1.01235,1.00,1.10
2014.08.07 10:50:21.996,1.01217,1.01237,1.00,3.45
2014.08.07 10:50:22.300,1.01213,1.01233,1.65,1.00
2014.08.07 10:50:22.351,1.01213,1.01233,1.65,1.00
2014.08.07 10:50:22.452,1.01219,1.01233,1.00,1.00
2014.08.07 10:50:40.600,1.01219,1.01235,1.00,1.58
2014.08.07 10:50:40.752,1.01219,1.01237,1.00,1.10
2014.08.07 10:50:46.017,1.01219,1.0124,1.00,2.63
2014.08.07 10:50:46.118,1.01221,1.0124,1.00,1.50
2014.08.07 10:50:46.621,1.01221,1.01241,1.00,3.08
2014.08.07 10:50:47.657,1.01225,1.01242,1.00,1.18
2014.08.07 10:50:47.858,1.01225,1.01245,1.00,1.00
2014.08.07 10:50:48.010,1.01226,1.01248,1.10,2.40
2014.08.07 10:50:48.161,1.01229,1.01248,1.00,1.00
2014.08.07 10:50:48.530,1.0123,1.0125,1.00,1.00
2014.08.07 10:50:48.731,1.01229,1.01248,1.00,1.00
2014.08.07 10:50:49.594,1.01228,1.01246,1.10,1.00
2014.08.07 10:50:50.108,1.01228,1.01247,1.10,1.00
2014.08.07 10:50:50.158,1.01228,1.01249,1.10,1.10
2014.08.07 10:50:52.999,1.01228,1.01249,1.00,1.18
2014.08.07 10:50:58.064,1.01227,1.01247,1.00,1.00
2014.08.07 10:51:01.204,1.01228,1.01247,1.50,1.00
2014.08.07 10:51:05.425,1.01227,1.01247,1.00,1.50
2014.08.07 10:51:21.375,1.01228,1.01247,1.00,1.00
2014.08.07 10:51:23.134,1.01229,1.0125,1.00,1.28
2014.08.07 10:51:23.285,1.0123,1.0125,1.00,1.13
2014.08.07 10:51:30.406,1.01229,1.0125,1.10,1.13
2014.08.07 10:51:31.018,1.01229,1.0125,1.00,1.20
2014.08.07 10:51:41.603,1.01228,1.01246,1.00,1.00
2014.08.07 10:51:47.328,1.01227,1.01247,1.10,1.50
2014.08.07 10:51:47.429,1.01225,1.01247,2.33,1.50
2014.08.07 10:51:48.124,1.01225,1.01246,2.25,1.00
2014.08.07 10:51:49.062,1.01225,1.01245,1.50,1.00
2014.08.07 10:51:49.113,1.01225,1.01242,1.50,1.00
2014.08.07 10:51:49.314,1.01223,1.01242,1.20,1.00
2014.08.07 10:51:49.916,1.01222,1.01242,1.50,1.00
2014.08.07 10:51:50.324,1.01224,1.01243,1.38,1.10
2014.08.07 10:51:50.476,1.01228,1.01248,2.25,1.18
2014.08.07 10:51:50.576,1.01229,1.01249,1.10,1.10
2014.08.07 10:51:50.778,1.01235,1.01251,1.00,1.10
2014.08.07 10:51:50.879,1.01237,1.01257,1.00,1.00
2014.08.07 10:51:50.929,1.0124,1.01257,1.50,1.00
2014.08.07 10:51:50.980,1.0124,1.01261,1.50,1.65
2014.08.07 10:51:51.571,1.0124,1.01261,1.65,1.50
2014.08.07 10:51:52.245,1.01239,1.01261,1.18,1.10
2014.08.07 10:51:52.346,1.01239,1.01261,1.18,1.00
2014.08.07 10:51:52.658,1.01239,1.01261,3.45,1.00
2014.08.07 10:51:52.976,1.01243,1.01262,1.18,1.00
2014.08.07 10:51:53.177,1.01245,1.01264,1.58,1.00
2014.08.07 10:51:53.228,1.01245,1.01264,1.58,1.00
2014.08.07 10:51:53.379,1.01244,1.01262,1.50,1.00
2014.08.07 10:51:53.887,1.01244,1.01259,1.50,1.00
2014.08.07 10:51:53.938,1.01241,1.01259,1.58,1.00
2014.08.07 10:51:54.058,1.01238,1.0126,2.40,1.00
2014.08.07 10:51:54.159,1.01238,1.01256,1.18,1.00
2014.08.07 10:51:54.310,1.01236,1.01256,1.18,1.00
2014.08.07 10:51:54.674,1.01234,1.01256,3.15,1.58
2014.08.07 10:51:58.790,1.01234,1.01256,3.08,1.58
2014.08.07 10:52:00.679,1.01234,1.01251,2.25,1.00
2014.08.07 10:52:07.113,1.01233,1.01251,1.65,1.00
2014.08.07 10:52:07.676,1.01233,1.01252,1.50,1.50
2014.08.07 10:52:10.654,1.01236,1.01252,1.50,1.50
2014.08.07 10:52:10.756,1.01234,1.01252,1.50,1.50
2014.08.07 10:52:10.964,1.01232,1.01252,1.58,1.50
2014.08.07 10:52:14.643,1.01234,1.01252,1.00,1.00
2014.08.07 10:52:15.205,1.01235,1.01253,1.50,1.00
2014.08.07 10:52:15.746,1.01235,1.01255,1.50,1.00
2014.08.07 10:52:16.683,1.01233,1.01255,3.08,1.00
2014.08.07 10:52:18.800,1.01233,1.01255,3.15,1.00
2014.08.07 10:52:23.473,1.01233,1.01251,1.15,1.00
2014.08.07 10:52:23.574,1.01233,1.01251,1.00,1.00
2014.08.07 10:52:23.675,1.01229,1.01251,3.15,1.00
2014.08.07 10:52:24.208,1.01229,1.0125,1.00,1.20
2014.08.07 10:52:24.361,1.01232,1.01253,1.00,1.15
2014.08.07 10:52:24.411,1.01232,1.01253,2.25,1.08
2014.08.07 10:52:24.462,1.01234,1.01254,1.00,1.18
2014.08.07 10:52:24.563,1.01235,1.01255,1.00,1.10
2014.08.07 10:52:25.075,1.01233,1.01255,2.40,1.10
2014.08.07 10:52:36.262,1.01234,1.01256,1.00,1.65
2014.08.07 10:52:36.564,1.01234,1.01256,1.00,1.65
2014.08.07 10:52:36.822,1.01234,1.01251,1.00,1.00
2014.08.07 10:52:37.178,1.01233,1.01255,1.65,1.00
2014.08.07 10:52:37.691,1.01234,1.01255,1.00,1.00
2014.08.07 10:52:38.203,1.01235,1.01255,1.00,1.00
2014.08.07 10:52:40.062,1.01239,1.01255,1.00,1.00
2014.08.07 10:52:40.165,1.01235,1.01255,1.00,1.00
2014.08.07 10:52:40.782,1.01239,1.01255,1.00,1.00
2014.08.07 10:52:48.435,1.01239,1.01257,1.00,1.28
2014.08.07 10:52:53.408,1.01239,1.01255,1.00,1.00
2014.08.07 10:53:12.461,1.01239,1.01256,1.00,1.00
2014.08.07 10:53:12.763,1.01243,1.01263,1.00,1.15
2014.08.07 10:53:12.864,1.01243,1.01263,1.00,1.15
2014.08.07 10:53:13.421,1.01243,1.01263,1.00,1.08
2014.08.07 10:53:14.582,1.01249,1.01263,1.00,1.08
2014.08.07 10:53:14.734,1.01249,1.01265,1.00,1.10
2014.08.07 10:53:14.834,1.01249,1.01269,1.50,1.15
2014.08.07 10:53:14.885,1.01254,1.01271,1.00,1.15
2014.08.07 10:53:14.986,1.01254,1.01271,1.00,1.15
2014.08.07 10:53:15.087,1.01254,1.01271,1.00,1.00
2014.08.07 10:53:15.288,1.01254,1.01273,1.00,1.00
2014.08.07 10:53:15.790,1.01253,1.01273,1.10,1.00
2014.08.07 10:53:19.625,1.01259,1.01273,1.00,1.00
2014.08.07 10:53:19.827,1.01259,1.01276,1.00,1.08
2014.08.07 10:53:19.928,1.01258,1.01277,1.00,1.00
2014.08.07 10:53:22.595,1.01259,1.01277,1.00,1.00
2014.08.07 10:53:28.408,1.01259,1.0128,1.00,1.00
2014.08.07 10:53:28.514,1.01259,1.0128,1.15,1.00
2014.08.07 10:53:33.913,1.01259,1.0128,1.08,1.10
2014.08.07 10:53:34.436,1.01259,1.0128,1.00,1.10
2014.08.07 10:53:37.451,1.01259,1.0128,1.18,1.13
2014.08.07 10:53:41.638,1.01259,1.01278,1.18,1.00
2014.08.07 10:53:41.890,1.01258,1.01277,1.00,1.00
2014.08.07 10:53:41.941,1.01255,1.01277,1.13,1.50
2014.08.07 10:53:42.142,1.01257,1.01277,1.00,1.00
2014.08.07 10:53:43.481,1.01257,1.01276,1.00,1.00
2014.08.07 10:53:43.783,1.01252,1.01271,1.13,1.00
2014.08.07 10:53:44.101,1.0125,1.01266,1.08,1.00
2014.08.07 10:53:44.637,1.01248,1.01266,2.63,1.00
2014.08.07 10:53:45.141,1.01247,1.01267,1.00,1.50
2014.08.07 10:53:46.586,1.01248,1.01267,1.00,1.00
2014.08.07 10:53:46.881,1.01249,1.01269,1.50,1.00
2014.08.07 10:53:47.445,1.0125,1.01271,1.00,1.13
2014.08.07 10:53:47.546,1.01252,1.01271,1.00,1.00
2014.08.07 10:53:47.747,1.01254,1.01274,1.50,1.00
2014.08.07 10:53:47.949,1.01253,1.01272,1.10,1.00
2014.08.07 10:53:48.452,1.0125,1.01271,1.15,1.00
2014.08.07 10:53:48.553,1.0125,1.01271,1.08,1.00
2014.08.07 10:53:49.871,1.0125,1.01272,1.08,1.58
2014.08.07 10:53:50.173,1.0125,1.0127,1.08,1.00
2014.08.07 10:53:50.677,1.01249,1.01266,1.10,1.00
2014.08.07 10:53:50.879,1.0125,1.01272,1.00,1.28
2014.08.07 10:53:50.980,1.01253,1.01273,1.00,1.15
2014.08.07 10:53:51.081,1.01254,1.01274,1.00,1.10
2014.08.07 10:53:51.381,1.01254,1.01276,1.10,1.10
2014.08.07 10:53:51.482,1.01256,1.01276,1.00,1.10
2014.08.07 10:53:52.568,1.01256,1.01278,1.00,1.20
2014.08.07 10:53:54.041,1.01256,1.01276,1.00,1.00
2014.08.07 10:53:54.626,1.01256,1.01278,1.13,1.20
2014.08.07 10:53:55.612,1.01257,1.01279,1.00,1.15
2014.08.07 10:54:00.951,1.01257,1.01279,1.08,1.00
2014.08.07 10:54:13.934,1.01259,1.01281,1.00,1.20
2014.08.07 10:54:29.381,1.01259,1.01277,1.00,1.00
2014.08.07 10:54:29.733,1.01257,1.01277,1.10,1.50
2014.08.07 10:54:30.313,1.01257,1.01276,1.10,1.00
2014.08.07 10:54:32.146,1.01257,1.01277,1.10,1.00
2014.08.07 10:54:32.196,1.01259,1.01279,1.00,1.20
2014.08.07 10:54:37.109,1.01262,1.01282,1.00,1.15
2014.08.07 10:54:37.210,1.01261,1.01281,1.08,1.00
2014.08.07 10:54:37.730,1.01261,1.01281,1.00,1.00
2014.08.07 10:54:44.220,1.01259,1.01279,1.00,1.00
2014.08.07 10:54:45.087,1.01259,1.01276,1.00,1.00
2014.08.07 10:54:45.238,1.01257,1.01276,1.10,1.00
2014.08.07 10:54:46.863,1.01257,1.01277,1.10,1.00
2014.08.07 10:54:46.913,1.01259,1.01279,1.00,1.10
2014.08.07 10:54:48.341,1.0126,1.0128,1.00,1.00
2014.08.07 10:54:51.913,1.01257,1.01277,1.18,1.00
2014.08.07 10:54:52.316,1.01256,1.01277,1.20,1.00
2014.08.07 10:54:52.937,1.01256,1.01276,1.20,1.00
2014.08.07 10:54:54.519,1.01259,1.01276,1.00,1.00
2014.08.07 10:54:55.156,1.01259,1.01277,1.18,1.00
2014.08.07 10:54:55.669,1.01259,1.01276,1.18,1.00
2014.08.07 10:54:58.333,1.01256,1.01276,1.65,1.50
2014.08.07 10:54:58.383,1.01254,1.01276,1.65,1.50
2014.08.07 10:54:58.960,1.01257,1.01276,1.00,1.00
2014.08.07 10:54:59.212,1.01255,1.01275,2.25,1.00
2014.08.07 10:55:03.046,1.01255,1.01276,1.20,1.00
2014.08.07 10:55:03.147,1.01257,1.01277,1.00,1.50
2014.08.07 10:55:03.449,1.01257,1.01277,1.08,1.00
2014.08.07 10:55:04.330,1.01259,1.01279,1.58,1.00
2014.08.07 10:55:04.485,1.01259,1.01276,1.10,1.00
2014.08.07 10:55:07.226,1.01259,1.01279,1.58,1.00
2014.08.07 10:55:08.424,1.01259,1.01276,1.10,1.00
2014.08.07 10:55:15.978,1.01258,1.01276,1.00,1.00
2014.08.07 10:55:17.891,1.01254,1.01271,1.15,1.00
2014.08.07 10:55:22.413,1.01254,1.01274,1.58,1.00
2014.08.07 10:55:22.614,1.01252,1.01272,1.00,1.00
2014.08.07 10:55:22.715,1.0125,1.01272,1.00,1.65
2014.08.07 10:55:23.386,1.01254,1.01272,1.00,1.18
2014.08.07 10:55:30.629,1.01254,1.01272,1.00,1.00
2014.08.07 10:55:33.841,1.01254,1.01274,1.00,1.10
2014.08.07 10:55:42.077,1.01253,1.01274,1.10,1.00
2014.08.07 10:56:00.147,1.01254,1.01274,1.00,1.00
2014.08.07 10:56:01.681,1.01254,1.01276,1.50,1.50
2014.08.07 10:56:09.039,1.01256,1.01276,1.00,1.50
2014.08.07 10:56:09.352,1.01259,1.01277,1.00,1.00
2014.08.07 10:56:09.864,1.01258,1.01278,1.58,1.00
2014.08.07 10:56:30.139,1.01259,1.01279,1.00,1.00
2014.08.07 10:56:58.710,1.01258,1.0128,2.03,1.00
2014.08.07 10:57:10.511,1.01258,1.0128,1.58,1.10
2014.08.07 10:57:14.269,1.01258,1.01279,1.10,1.00
2014.08.07 10:57:24.181,1.01259,1.01279,1.00,1.00
2014.08.07 10:57:31.961,1.01264,1.01279,1.00,1.00
2014.08.07 10:57:32.011,1.01264,1.01281,1.00,1.00
2014.08.07 10:57:32.657,1.01264,1.01281,1.18,1.00
2014.08.07 10:57:33.705,1.01264,1.01284,1.65,1.00
2014.08.07 10:57:33.906,1.01264,1.01286,1.18,1.10
2014.08.07 10:57:34.057,1.01268,1.01286,1.08,1.00
2014.08.07 10:57:34.527,1.01268,1.01288,1.58,1.00
2014.08.07 10:57:35.063,1.01268,1.01288,1.65,1.00
2014.08.07 10:57:35.828,1.01265,1.01284,3.83,1.00
2014.08.07 10:57:35.929,1.01263,1.01284,1.15,1.00
2014.08.07 10:57:36.030,1.01263,1.01282,1.20,1.00
2014.08.07 10:57:36.181,1.01259,1.01281,1.00,1.00
2014.08.07 10:57:36.282,1.01258,1.0128,1.65,1.00
2014.08.07 10:57:42.642,1.01259,1.0128,1.15,1.00
2014.08.07 10:57:43.228,1.01259,1.0128,1.15,1.00
2014.08.07 10:57:43.759,1.01259,1.01281,2.03,1.50
2014.08.07 10:57:48.966,1.01259,1.01279,1.65,1.00
2014.08.07 10:57:49.497,1.01259,1.01278,1.00,1.00
2014.08.07 10:57:54.069,1.01259,1.01277,1.00,1.00
2014.08.07 10:57:54.882,1.01259,1.01279,1.00,1.00
2014.08.07 10:57:57.379,1.01261,1.01281,1.18,1.50
2014.08.07 10:57:57.717,1.01258,1.01278,1.65,1.00
2014.08.07 10:58:02.328,1.01258,1.01277,1.18,1.00
2014.08.07 10:58:02.479,1.01256,1.01276,1.20,1.00
2014.08.07 10:58:02.580,1.01254,1.01274,1.15,1.00
2014.08.07 10:58:02.682,1.01254,1.01273,1.20,1.00
2014.08.07 10:58:02.883,1.01251,1.01272,1.18,1.00
2014.08.07 10:58:03.386,1.01249,1.01271,1.15,1.00
2014.08.07 10:58:10.187,1.01249,1.01271,2.40,1.00
2014.08.07 10:58:22.952,1.01249,1.01271,1.15,1.00
2014.08.07 10:58:29.377,1.01249,1.01266,1.15,1.00
2014.08.07 10:58:30.607,1.01249,1.01271,1.65,1.00
2014.08.07 10:58:30.707,1.0125,1.01275,1.18,1.15
2014.08.07 10:58:30.758,1.01254,1.01274,1.10,1.10
2014.08.07 10:58:30.909,1.01251,1.01273,1.18,1.00
2014.08.07 10:58:31.162,1.01252,1.01271,1.18,1.00
2014.08.07 10:58:31.685,1.01252,1.01272,1.18,3.00
2014.08.07 10:58:32.658,1.01252,1.01271,1.18,1.50
2014.08.07 10:58:33.397,1.01251,1.01271,1.08,2.25
2014.08.07 10:58:45.961,1.01252,1.01272,1.18,1.50
2014.08.07 10:58:46.470,1.01252,1.01272,1.15,1.00
2014.08.07 10:58:51.153,1.01252,1.01274,1.15,1.00
2014.08.07 10:58:57.648,1.01254,1.01274,1.08,1.00
2014.08.07 10:58:57.699,1.01256,1.01276,1.00,1.00
2014.08.07 10:59:11.842,1.01258,1.01276,1.00,1.00
2014.08.07 10:59:11.943,1.01258,1.01278,1.00,1.20
2014.08.07 10:59:12.396,1.01256,1.01278,1.00,1.20
2014.08.07 10:59:14.962,1.01256,1.01276,1.00,1.00
2014.08.07 10:59:15.905,1.01256,1.01278,1.00,1.20
2014.08.07 10:59:29.665,1.01257,1.01279,1.00,1.28
2014.08.07 10:59:29.766,1.01257,1.01279,1.08,1.08
2014.08.07 10:59:30.039,1.01259,1.01281,1.15,1.50
2014.08.07 10:59:30.825,1.01261,1.01281,1.18,1.00
2014.08.07 10:59:31.364,1.01263,1.01281,1.18,1.00
2014.08.07 10:59:31.907,1.01263,1.01281,1.00,1.00
2014.08.07 10:59:32.495,1.01264,1.01281,1.00,1.00
2014.08.07 10:59:35.597,1.01264,1.01284,1.00,1.00
2014.08.07 10:59:35.849,1.01264,1.01281,1.10,1.00
2014.08.07 10:59:36.805,1.01264,1.01284,1.10,1.00
2014.08.07 10:59:41.717,1.01263,1.01283,1.00,1.00
2014.08.07 10:59:42.224,1.01263,1.01283,1.18,1.00
2014.08.07 10:59:45.125,1.01264,1.01284,1.10,1.00
2014.08.07 10:59:48.637,1.01265,1.01285,1.00,1.18
2014.08.07 10:59:48.738,1.01267,1.01289,1.00,1.15
2014.08.07 10:59:48.839,1.01267,1.01289,1.10,1.00
2014.08.07 10:59:51.335,1.01265,1.01285,1.15,1.00
2014.08.07 10:59:51.487,1.01264,1.01284,1.00,1.00
2014.08.07 10:59:51.753,1.01265,1.01285,1.08,1.00
2014.08.07 10:59:52.329,1.01266,1.01286,1.08,1.00
