2011.12.07 17:00:00.041,1.03755,1.03775,1.50,1.50
2011.12.07 17:00:00.163,1.03758,1.03778,1.50,1.50
2011.12.07 17:00:00.506,1.03761,1.03781,1.50,1.50
2011.12.07 17:00:03.645,1.03764,1.03783,1.50,1.50
2011.12.07 17:00:03.983,1.03767,1.03784,1.50,1.50
2011.12.07 17:00:04.105,1.03768,1.03786,1.50,1.50
2011.12.07 17:00:04.223,1.03766,1.03784,1.50,1.50
2011.12.07 17:00:06.072,1.03769,1.03789,1.50,1.50
2011.12.07 17:00:06.314,1.03767,1.03781,1.50,1.50
2011.12.07 17:00:06.435,1.03761,1.03781,2.25,1.50
2011.12.07 17:00:07.318,1.03764,1.03783,1.50,1.50
2011.12.07 17:00:07.653,1.03768,1.03788,1.50,1.50
2011.12.07 17:00:07.774,1.03764,1.03786,1.50,1.50
2011.12.07 17:00:11.864,1.0377,1.0379,1.50,2.25
2011.12.07 17:00:11.982,1.03764,1.03786,1.50,1.50
2011.12.07 17:00:12.955,1.03768,1.03788,1.50,3.75
2011.12.07 17:00:13.702,1.03768,1.03788,1.50,2.25
2011.12.07 17:00:14.043,1.03764,1.03786,1.50,2.25
2011.12.07 17:00:14.587,1.03764,1.03786,1.50,1.50
2011.12.07 17:00:14.887,1.03764,1.03786,1.50,2.25
2011.12.07 17:00:15.223,1.03764,1.03786,1.50,1.50
2011.12.07 17:00:15.549,1.03764,1.03786,1.50,2.25
2011.12.07 17:00:16.423,1.03763,1.03782,1.50,1.50
2011.12.07 17:00:16.980,1.03762,1.03782,1.50,1.50
2011.12.07 17:00:18.974,1.03763,1.03785,1.50,3.75
2011.12.07 17:00:19.314,1.03763,1.03785,1.50,2.25
2011.12.07 17:00:19.666,1.03761,1.03783,1.50,2.25
2011.12.07 17:00:21.193,1.03755,1.03777,1.50,1.50
2011.12.07 17:00:23.261,1.03753,1.03773,1.50,1.50
2011.12.07 17:00:23.382,1.03749,1.03771,1.50,1.50
2011.12.07 17:00:23.500,1.03747,1.03768,3.68,1.50
2011.12.07 17:00:24.172,1.03746,1.03768,1.50,1.50
2011.12.07 17:00:31.893,1.03749,1.03771,1.50,1.50
2011.12.07 17:00:32.302,1.03754,1.03776,1.50,2.25
2011.12.07 17:00:32.629,1.03754,1.03776,1.50,1.50
2011.12.07 17:00:33.420,1.03754,1.03776,1.50,2.25
2011.12.07 17:00:33.766,1.03753,1.03773,1.50,2.25
2011.12.07 17:00:34.422,1.03748,1.03768,5.18,2.25
2011.12.07 17:00:34.547,1.03748,1.03766,3.68,1.50
2011.12.07 17:00:34.884,1.03748,1.03763,2.18,3.75
2011.12.07 17:00:35.005,1.03739,1.03761,1.50,1.50
2011.12.07 17:00:35.685,1.03743,1.03763,1.50,2.25
2011.12.07 17:00:36.319,1.03742,1.03764,1.50,1.50
2011.12.07 17:00:36.718,1.03745,1.03764,1.50,1.50
2011.12.07 17:00:36.830,1.03747,1.03767,1.50,1.50
2011.12.07 17:00:37.461,1.03747,1.03767,1.50,2.25
2011.12.07 17:00:38.467,1.03751,1.03771,1.50,2.25
2011.12.07 17:00:38.694,1.03753,1.03772,1.50,2.18
2011.12.07 17:00:39.146,1.03753,1.03775,1.50,2.25
2011.12.07 17:00:39.282,1.03753,1.03759,1.50,1.50
2011.12.07 17:00:39.407,1.03738,1.03756,2.55,2.25
2011.12.07 17:00:39.637,1.03735,1.03757,1.88,1.50
2011.12.07 17:00:39.864,1.03746,1.03759,1.50,1.50
2011.12.07 17:00:39.985,1.03746,1.03766,1.50,2.25
2011.12.07 17:00:40.535,1.03739,1.03761,1.50,2.25
2011.12.07 17:00:40.652,1.03739,1.03761,1.50,2.25
2011.12.07 17:00:40.885,1.03746,1.03762,1.50,2.93
2011.12.07 17:00:41.004,1.03742,1.03762,1.50,2.93
2011.12.07 17:00:41.123,1.03747,1.03762,1.50,2.93
2011.12.07 17:00:41.241,1.03747,1.03767,1.50,2.25
2011.12.07 17:00:42.003,1.03747,1.03767,1.50,2.25
2011.12.07 17:00:42.801,1.03744,1.03764,1.50,2.25
2011.12.07 17:00:42.922,1.03747,1.03767,1.50,2.25
2011.12.07 17:00:43.373,1.03744,1.03764,1.50,2.25
2011.12.07 17:00:43.605,1.03747,1.03767,1.50,2.25
2011.12.07 17:00:43.940,1.03743,1.03765,1.50,2.25
2011.12.07 17:00:44.402,1.03743,1.03763,1.50,2.93
2011.12.07 17:00:44.632,1.03743,1.03762,1.50,2.93
2011.12.07 17:00:45.245,1.03746,1.03762,1.50,2.93
2011.12.07 17:00:45.582,1.03743,1.03759,1.50,2.25
2011.12.07 17:00:45.811,1.03737,1.03757,1.88,2.25
2011.12.07 17:00:46.041,1.03737,1.03757,1.88,1.50
2011.12.07 17:00:46.163,1.03737,1.03757,1.88,2.25
2011.12.07 17:00:46.505,1.03742,1.03764,1.50,2.25
2011.12.07 17:00:46.733,1.03742,1.03764,1.50,2.25
2011.12.07 17:00:46.963,1.03745,1.03762,1.50,2.93
2011.12.07 17:00:47.306,1.03743,1.03762,1.50,2.18
2011.12.07 17:00:47.739,1.03743,1.03762,1.50,2.93
2011.12.07 17:00:47.857,1.03745,1.03765,1.50,2.25
2011.12.07 17:00:47.971,1.03745,1.03765,1.50,2.25
2011.12.07 17:00:48.771,1.03745,1.03763,1.50,2.18
2011.12.07 17:00:48.890,1.03745,1.03765,1.50,2.25
2011.12.07 17:00:51.474,1.03745,1.03765,1.50,2.25
2011.12.07 17:00:54.914,1.03746,1.03765,1.50,2.25
2011.12.07 17:00:55.033,1.03748,1.03768,1.50,2.25
2011.12.07 17:00:56.916,1.03748,1.03768,1.50,2.25
2011.12.07 17:00:57.032,1.03745,1.03767,1.50,2.25
2011.12.07 17:00:57.151,1.03742,1.03764,1.50,2.25
2011.12.07 17:00:57.381,1.03744,1.03766,1.50,2.25
2011.12.07 17:00:57.920,1.03742,1.03764,1.50,2.25
2011.12.07 17:00:58.040,1.03745,1.03765,1.50,2.25
2011.12.07 17:01:02.090,1.03745,1.03765,1.50,2.25
2011.12.07 17:01:02.322,1.03738,1.03755,2.18,2.25
2011.12.07 17:01:02.863,1.03738,1.03755,2.18,1.50
2011.12.07 17:01:03.092,1.03746,1.03766,1.50,2.25
2011.12.07 17:01:03.437,1.03747,1.03769,1.50,2.25
2011.12.07 17:01:03.962,1.03747,1.03769,1.50,2.25
2011.12.07 17:01:04.412,1.0374,1.0376,1.50,2.25
2011.12.07 17:01:05.932,1.0374,1.0376,1.50,1.50
2011.12.07 17:01:06.054,1.03749,1.03769,1.50,2.25
2011.12.07 17:01:06.517,1.03749,1.03769,1.50,2.25
2011.12.07 17:01:08.022,1.03753,1.03769,1.50,2.25
2011.12.07 17:01:08.254,1.03756,1.03772,1.50,2.18
2011.12.07 17:01:08.653,1.03754,1.03772,1.50,2.18
2011.12.07 17:01:08.772,1.03756,1.03772,1.50,2.18
2011.12.07 17:01:10.321,1.03758,1.03772,1.50,2.18
2011.12.07 17:01:10.810,1.0376,1.03772,1.50,2.18
2011.12.07 17:01:12.772,1.03762,1.03772,1.50,2.18
2011.12.07 17:01:13.110,1.03767,1.03772,1.50,2.18
2011.12.07 17:01:14.405,1.03766,1.03772,1.50,2.18
2011.12.07 17:01:14.633,1.03758,1.03772,1.50,2.18
2011.12.07 17:01:15.421,1.03759,1.03772,1.50,2.18
2011.12.07 17:01:15.654,1.03764,1.03772,1.50,2.18
2011.12.07 17:01:19.502,1.03755,1.03772,1.50,2.18
2011.12.07 17:01:20.209,1.03755,1.03775,1.50,1.50
2011.12.07 17:01:20.735,1.03757,1.03779,1.50,2.25
2011.12.07 17:01:22.453,1.03757,1.03779,1.50,1.50
2011.12.07 17:01:25.993,1.03758,1.0378,1.50,1.50
2011.12.07 17:01:26.454,1.03751,1.03758,2.15,1.50
2011.12.07 17:01:26.794,1.03747,1.0376,1.40,1.50
2011.12.07 17:01:26.919,1.03747,1.03767,1.50,1.50
2011.12.07 17:01:27.364,1.0375,1.0377,1.50,1.50
2011.12.07 17:01:27.704,1.0374,1.0376,2.10,1.50
2011.12.07 17:01:27.823,1.0375,1.0377,1.50,1.50
2011.12.07 17:01:28.054,1.03752,1.03774,1.50,1.50
2011.12.07 17:01:28.842,1.03754,1.03776,1.50,1.50
2011.12.07 17:01:30.153,1.03759,1.03779,1.50,1.50
2011.12.07 17:01:32.265,1.03761,1.03781,1.50,3.00
2011.12.07 17:01:32.861,1.03761,1.03781,1.50,2.25
2011.12.07 17:01:33.092,1.03761,1.03781,1.50,1.50
2011.12.07 17:01:33.963,1.03758,1.0378,3.00,1.50
2011.12.07 17:01:34.854,1.03757,1.03777,1.50,1.50
2011.12.07 17:01:34.972,1.03755,1.03777,1.50,1.50
2011.12.07 17:01:36.236,1.03757,1.03779,1.50,1.50
2011.12.07 17:01:39.034,1.03761,1.03781,1.50,1.50
2011.12.07 17:01:39.260,1.03756,1.03778,1.50,1.50
2011.12.07 17:01:41.515,1.03759,1.03781,1.50,1.50
2011.12.07 17:01:41.852,1.03761,1.03783,1.50,1.50
2011.12.07 17:01:43.855,1.03758,1.0378,1.50,1.50
2011.12.07 17:01:44.191,1.03761,1.03781,1.50,1.50
2011.12.07 17:01:44.836,1.03758,1.03778,1.50,1.50
2011.12.07 17:01:45.991,1.03755,1.03777,1.50,1.50
2011.12.07 17:01:46.435,1.03755,1.03769,1.50,1.50
2011.12.07 17:01:46.553,1.03746,1.03766,1.50,1.50
2011.12.07 17:01:46.672,1.03753,1.03773,1.50,1.50
2011.12.07 17:01:47.334,1.03756,1.03775,1.50,1.50
2011.12.07 17:01:47.460,1.03758,1.0378,1.50,2.25
2011.12.07 17:01:49.383,1.03758,1.0378,1.50,1.50
2011.12.07 17:01:49.874,1.03758,1.0378,1.50,2.25
2011.12.07 17:01:50.374,1.03758,1.0378,1.50,1.50
2011.12.07 17:01:51.282,1.03758,1.0378,1.50,2.25
2011.12.07 17:01:51.401,1.03758,1.0378,1.50,1.50
2011.12.07 17:01:53.013,1.03756,1.03777,1.50,1.50
2011.12.07 17:01:53.587,1.03755,1.03777,1.50,1.50
2011.12.07 17:01:54.035,1.03764,1.03786,1.50,1.50
2011.12.07 17:01:54.371,1.03759,1.03781,1.50,1.50
2011.12.07 17:01:54.712,1.03764,1.03784,1.50,1.50
2011.12.07 17:01:54.941,1.03761,1.03783,1.50,1.50
2011.12.07 17:01:55.063,1.03764,1.03784,1.50,1.50
2011.12.07 17:01:55.402,1.03762,1.03782,1.50,1.50
2011.12.07 17:02:00.300,1.03764,1.03784,1.50,1.50
2011.12.07 17:02:01.672,1.03762,1.03779,1.50,2.25
2011.12.07 17:02:01.901,1.03756,1.03776,1.50,1.50
2011.12.07 17:02:05.190,1.03759,1.03779,1.50,1.50
2011.12.07 17:02:05.873,1.03761,1.03781,1.50,1.50
2011.12.07 17:02:06.215,1.03762,1.03779,1.50,1.50
2011.12.07 17:02:06.441,1.03764,1.03784,1.50,2.25
2011.12.07 17:02:06.896,1.0376,1.03781,1.50,2.25
2011.12.07 17:02:07.013,1.03757,1.03779,1.50,2.25
2011.12.07 17:02:08.021,1.03755,1.03777,1.50,1.50
2011.12.07 17:02:08.582,1.03757,1.03779,1.50,2.25
2011.12.07 17:02:09.457,1.03757,1.03778,1.50,1.50
2011.12.07 17:02:09.573,1.03755,1.03777,1.50,1.50
2011.12.07 17:02:09.803,1.03758,1.03778,1.50,1.50
2011.12.07 17:02:11.735,1.03756,1.03777,1.50,1.50
2011.12.07 17:02:12.254,1.03752,1.03772,1.50,1.50
2011.12.07 17:02:12.592,1.03755,1.03775,1.50,2.25
2011.12.07 17:02:13.547,1.03761,1.03781,1.50,2.25
2011.12.07 17:02:13.666,1.03761,1.03781,1.50,2.25
2011.12.07 17:02:14.003,1.03758,1.0378,1.50,2.25
2011.12.07 17:02:14.648,1.03761,1.03781,1.50,1.50
2011.12.07 17:02:14.769,1.03761,1.03783,1.50,1.50
2011.12.07 17:02:15.870,1.03761,1.03781,1.50,1.50
2011.12.07 17:02:15.991,1.03758,1.0378,1.50,1.50
2011.12.07 17:02:16.223,1.03762,1.03784,1.50,1.50
2011.12.07 17:02:16.925,1.03768,1.03784,2.18,2.25
2011.12.07 17:02:17.045,1.0376,1.0378,1.50,1.50
2011.12.07 17:02:18.411,1.03763,1.03783,1.50,2.25
2011.12.07 17:02:19.282,1.03764,1.03785,1.50,2.25
2011.12.07 17:02:19.513,1.03764,1.03786,1.50,1.50
2011.12.07 17:02:23.821,1.03763,1.03784,1.50,1.50
2011.12.07 17:02:24.485,1.03762,1.03784,1.50,1.50
2011.12.07 17:02:30.153,1.03762,1.03784,1.50,2.25
2011.12.07 17:02:30.276,1.03754,1.03774,1.50,1.50
2011.12.07 17:02:30.869,1.03757,1.03777,1.50,1.50
2011.12.07 17:02:31.422,1.03759,1.03781,1.50,1.50
2011.12.07 17:02:32.472,1.03761,1.03781,1.50,1.50
2011.12.07 17:02:34.495,1.03763,1.03783,1.50,1.50
2011.12.07 17:02:39.006,1.03778,1.03782,1.50,1.50
2011.12.07 17:02:39.124,1.03775,1.03791,1.50,1.50
2011.12.07 17:02:39.242,1.03776,1.03796,1.50,1.50
2011.12.07 17:02:43.961,1.03773,1.03794,1.50,1.50
2011.12.07 17:02:44.086,1.03774,1.03796,1.50,1.50
2011.12.07 17:02:47.581,1.03777,1.03799,1.50,1.50
2011.12.07 17:02:52.002,1.03775,1.03797,1.50,1.50
2011.12.07 17:02:52.555,1.0377,1.03792,1.50,1.50
2011.12.07 17:02:52.892,1.03773,1.03795,1.50,1.50
2011.12.07 17:02:54.693,1.03778,1.03798,1.50,1.50
2011.12.07 17:02:55.165,1.03789,1.03809,1.50,1.50
2011.12.07 17:02:56.591,1.03786,1.03808,3.00,1.50
2011.12.07 17:02:58.332,1.03784,1.03804,1.50,1.50
2011.12.07 17:02:58.746,1.03777,1.03799,2.25,1.50
2011.12.07 17:02:58.872,1.03774,1.03796,1.50,1.50
2011.12.07 17:03:00.022,1.03778,1.03796,2.18,1.50
2011.12.07 17:03:00.253,1.03781,1.03801,2.25,1.50
2011.12.07 17:03:06.702,1.03779,1.03799,1.50,1.50
2011.12.07 17:03:07.235,1.03779,1.03799,1.50,2.25
2011.12.07 17:03:09.162,1.03771,1.03793,1.50,1.50
2011.12.07 17:03:09.825,1.03775,1.03795,1.50,2.25
2011.12.07 17:03:09.942,1.03775,1.03795,1.50,1.50
2011.12.07 17:03:10.503,1.03777,1.03799,1.50,1.50
2011.12.07 17:03:12.754,1.03777,1.03797,2.18,1.50
2011.12.07 17:03:12.983,1.03777,1.03799,1.50,1.50
2011.12.07 17:03:13.325,1.03779,1.03799,1.50,1.50
2011.12.07 17:03:14.294,1.03779,1.03799,1.50,2.25
2011.12.07 17:03:14.955,1.0378,1.03802,1.50,3.68
2011.12.07 17:03:15.293,1.03782,1.03802,1.50,1.50
2011.12.07 17:03:15.412,1.03784,1.03806,1.50,1.50
2011.12.07 17:03:16.384,1.03786,1.03806,1.50,1.50
2011.12.07 17:03:16.503,1.03787,1.03809,1.50,1.50
2011.12.07 17:03:16.953,1.03796,1.03809,1.50,1.50
2011.12.07 17:03:17.075,1.03797,1.03818,1.50,1.61
2011.12.07 17:03:17.193,1.03797,1.03811,1.50,1.50
2011.12.07 17:03:17.314,1.03788,1.03809,2.18,1.50
2011.12.07 17:03:17.857,1.03787,1.03809,1.50,1.50
2011.12.07 17:03:18.421,1.03785,1.03807,1.50,1.50
2011.12.07 17:03:19.683,1.03785,1.03806,1.50,1.50
2011.12.07 17:03:20.025,1.0379,1.03812,1.50,2.25
2011.12.07 17:03:20.146,1.0379,1.03812,1.50,1.50
2011.12.07 17:03:20.265,1.03788,1.03805,3.68,1.50
2011.12.07 17:03:20.731,1.03788,1.03803,2.18,1.50
2011.12.07 17:03:20.962,1.03783,1.03803,1.50,1.50
2011.12.07 17:03:22.125,1.0378,1.038,1.50,1.50
2011.12.07 17:03:24.655,1.03782,1.038,1.50,1.50
2011.12.07 17:03:24.887,1.03784,1.03806,1.50,1.50
2011.12.07 17:03:27.681,1.03788,1.0381,1.50,1.50
2011.12.07 17:03:28.991,1.03789,1.0381,1.50,1.50
2011.12.07 17:03:29.383,1.03792,1.03812,1.50,1.50
2011.12.07 17:03:31.222,1.03794,1.03816,1.50,1.50
2011.12.07 17:03:31.590,1.03794,1.03816,1.50,2.25
2011.12.07 17:03:33.116,1.03794,1.03816,1.50,1.50
2011.12.07 17:03:34.315,1.03794,1.03815,1.50,1.50
2011.12.07 17:03:34.443,1.03793,1.03813,1.50,1.50
2011.12.07 17:03:35.272,1.03793,1.03812,1.50,2.18
2011.12.07 17:03:35.504,1.03788,1.0381,1.50,1.50
2011.12.07 17:03:36.168,1.03795,1.03813,1.50,1.50
2011.12.07 17:03:36.265,1.03796,1.03816,1.50,1.50
2011.12.07 17:03:36.387,1.03793,1.03813,1.50,1.50
2011.12.07 17:03:36.721,1.03794,1.03816,1.50,1.50
2011.12.07 17:03:38.794,1.03794,1.03815,1.50,1.50
2011.12.07 17:03:38.911,1.03793,1.03813,1.50,1.50
2011.12.07 17:03:39.471,1.03795,1.03815,1.50,1.50
2011.12.07 17:03:39.594,1.03792,1.03814,1.50,1.50
2011.12.07 17:03:40.386,1.03792,1.03814,1.50,2.25
2011.12.07 17:03:40.902,1.03792,1.03814,1.50,1.50
2011.12.07 17:03:41.028,1.0381,1.03823,1.50,2.93
2011.12.07 17:03:41.147,1.0381,1.03823,1.50,2.18
2011.12.07 17:03:41.265,1.03804,1.03823,1.50,2.18
2011.12.07 17:03:41.388,1.0381,1.03832,1.50,2.25
2011.12.07 17:03:41.919,1.03815,1.03837,1.50,2.25
2011.12.07 17:03:42.040,1.03812,1.03832,1.50,1.50
2011.12.07 17:03:42.267,1.0382,1.03842,1.50,1.50
2011.12.07 17:03:42.495,1.03816,1.03838,1.50,1.50
2011.12.07 17:03:44.482,1.03817,1.03838,2.18,1.50
2011.12.07 17:03:44.725,1.03816,1.03838,1.50,1.50
2011.12.07 17:03:45.092,1.03818,1.0384,1.50,2.25
2011.12.07 17:03:45.437,1.03822,1.03842,1.50,1.50
2011.12.07 17:03:45.666,1.03819,1.03841,1.50,1.50
2011.12.07 17:03:46.024,1.03822,1.03842,1.50,1.50
2011.12.07 17:03:46.773,1.03819,1.0384,1.50,1.50
2011.12.07 17:03:46.897,1.03824,1.0384,1.50,1.50
2011.12.07 17:03:47.014,1.03825,1.03847,1.50,1.50
2011.12.07 17:03:47.134,1.03825,1.03847,1.50,2.25
2011.12.07 17:03:47.587,1.03817,1.03839,1.50,1.50
2011.12.07 17:03:48.843,1.03821,1.03841,1.50,1.50
2011.12.07 17:03:50.068,1.03821,1.03841,2.25,1.50
2011.12.07 17:03:50.591,1.03823,1.03844,1.50,1.50
2011.12.07 17:03:51.402,1.03823,1.03845,1.50,1.50
2011.12.07 17:03:51.527,1.03827,1.03845,2.18,1.50
2011.12.07 17:03:51.644,1.03827,1.03848,2.18,1.50
2011.12.07 17:03:54.002,1.03827,1.03846,2.18,1.50
2011.12.07 17:03:54.124,1.03822,1.03844,1.50,1.50
2011.12.07 17:03:55.732,1.03828,1.03844,2.18,1.50
2011.12.07 17:03:56.543,1.03828,1.03845,2.18,1.50
2011.12.07 17:03:56.663,1.03832,1.03852,1.50,1.50
2011.12.07 17:03:56.782,1.03828,1.03849,2.18,1.50
2011.12.07 17:03:57.343,1.03827,1.03849,1.50,2.25
2011.12.07 17:03:58.061,1.03827,1.03849,1.50,2.25
2011.12.07 17:03:58.905,1.03827,1.03849,1.50,2.25
2011.12.07 17:03:59.744,1.03827,1.03849,3.68,2.25
2011.12.07 17:03:59.845,1.0382,1.03842,1.50,1.50
2011.12.07 17:04:00.754,1.03824,1.03846,1.50,1.50
2011.12.07 17:04:01.936,1.03825,1.03845,1.50,1.50
2011.12.07 17:04:03.663,1.03819,1.03841,1.50,1.50
2011.12.07 17:04:04.222,1.03821,1.03842,1.50,1.50
2011.12.07 17:04:04.454,1.03819,1.03841,1.50,1.50
2011.12.07 17:04:06.225,1.03816,1.03836,1.50,1.50
2011.12.07 17:04:06.682,1.03819,1.03839,1.50,1.50
2011.12.07 17:04:07.346,1.03819,1.03839,2.25,1.50
2011.12.07 17:04:07.681,1.03816,1.03836,2.25,1.50
2011.12.07 17:04:07.920,1.03819,1.03839,2.25,1.50
2011.12.07 17:04:08.273,1.03819,1.03839,1.50,1.50
2011.12.07 17:04:08.375,1.03812,1.03834,2.25,1.50
2011.12.07 17:04:08.969,1.03818,1.03836,2.93,1.50
2011.12.07 17:04:09.195,1.03818,1.03836,2.18,1.50
2011.12.07 17:04:09.313,1.03814,1.03836,2.25,1.50
2011.12.07 17:04:09.433,1.03814,1.03836,2.25,1.50
2011.12.07 17:04:09.551,1.03817,1.03839,2.25,1.50
2011.12.07 17:04:09.670,1.03817,1.03839,1.50,1.50
2011.12.07 17:04:11.017,1.03816,1.03836,2.25,1.50
2011.12.07 17:04:11.544,1.03814,1.03836,2.25,1.50
2011.12.07 17:04:11.662,1.03817,1.03838,2.25,1.50
2011.12.07 17:04:11.891,1.03817,1.03839,2.25,1.50
2011.12.07 17:04:12.393,1.03815,1.03835,3.75,1.50
2011.12.07 17:04:12.623,1.03811,1.03831,2.25,1.50
2011.12.07 17:04:12.744,1.03811,1.03819,1.50,1.50
2011.12.07 17:04:12.865,1.03796,1.03816,2.25,1.50
2011.12.07 17:04:12.983,1.03796,1.03816,2.25,1.50
2011.12.07 17:04:13.361,1.03798,1.0382,2.25,1.50
2011.12.07 17:04:13.478,1.03798,1.0382,1.50,1.50
2011.12.07 17:04:13.703,1.03791,1.038,2.25,1.50
2011.12.07 17:04:13.825,1.03783,1.03805,2.25,1.50
2011.12.07 17:04:13.942,1.03791,1.03811,2.25,1.50
2011.12.07 17:04:14.062,1.03791,1.03811,2.25,1.50
2011.12.07 17:04:15.495,1.03786,1.03808,2.25,1.50
2011.12.07 17:04:15.614,1.03788,1.0381,2.25,1.50
2011.12.07 17:04:15.734,1.03788,1.0381,2.25,1.50
2011.12.07 17:04:16.454,1.03787,1.03807,3.75,1.50
2011.12.07 17:04:16.793,1.03779,1.03801,3.00,1.50
2011.12.07 17:04:16.912,1.03783,1.03803,2.25,1.50
2011.12.07 17:04:17.143,1.03783,1.03803,2.25,1.50
2011.12.07 17:04:17.262,1.03785,1.03805,2.25,1.50
2011.12.07 17:04:18.700,1.03785,1.03805,2.25,1.50
2011.12.07 17:04:19.199,1.03785,1.03805,2.25,1.50
2011.12.07 17:04:20.835,1.03785,1.03805,2.25,1.50
2011.12.07 17:04:21.063,1.03791,1.03811,2.25,1.50
2011.12.07 17:04:21.293,1.03793,1.03814,2.25,1.50
2011.12.07 17:04:21.874,1.03793,1.03815,2.25,1.50
2011.12.07 17:04:23.283,1.03793,1.03811,2.25,1.50
2011.12.07 17:04:23.802,1.03792,1.03812,2.25,1.50
2011.12.07 17:04:26.704,1.03792,1.03812,2.25,1.50
2011.12.07 17:04:27.354,1.03789,1.03811,2.25,1.50
2011.12.07 17:04:28.514,1.03779,1.03799,1.50,1.50
2011.12.07 17:04:28.757,1.03789,1.03809,2.25,1.50
2011.12.07 17:04:28.875,1.03789,1.03809,2.25,1.50
2011.12.07 17:04:28.993,1.03786,1.03801,2.25,1.50
2011.12.07 17:04:29.112,1.03786,1.03801,2.25,1.50
2011.12.07 17:04:29.231,1.03779,1.03801,2.25,1.50
2011.12.07 17:04:29.351,1.03779,1.03801,2.25,1.50
2011.12.07 17:04:30.772,1.03779,1.03801,2.25,1.50
2011.12.07 17:04:32.475,1.0378,1.03801,2.25,1.50
2011.12.07 17:04:32.707,1.03787,1.03802,2.25,1.50
2011.12.07 17:04:32.826,1.0379,1.0381,2.25,1.50
2011.12.07 17:04:33.581,1.03792,1.03812,1.50,1.50
2011.12.07 17:04:34.453,1.03792,1.03812,3.75,1.50
2011.12.07 17:04:34.572,1.03794,1.03816,2.25,1.50
2011.12.07 17:04:36.624,1.03794,1.03816,2.25,1.50
2011.12.07 17:04:37.135,1.03786,1.03806,2.25,1.50
2011.12.07 17:04:37.259,1.03795,1.03812,2.25,2.18
2011.12.07 17:04:37.375,1.03797,1.03819,1.50,1.50
2011.12.07 17:04:38.412,1.03797,1.03819,2.25,1.50
2011.12.07 17:04:38.755,1.03797,1.03819,4.43,1.50
2011.12.07 17:04:39.205,1.038,1.0382,2.25,1.50
2011.12.07 17:04:39.646,1.038,1.03822,2.25,1.50
2011.12.07 17:04:40.592,1.038,1.03822,1.50,1.50
2011.12.07 17:04:40.944,1.03788,1.03809,2.93,1.50
2011.12.07 17:04:41.065,1.03787,1.03809,2.25,1.50
2011.12.07 17:04:41.184,1.03798,1.03812,1.50,2.18
2011.12.07 17:04:41.304,1.03798,1.03818,1.50,1.50
2011.12.07 17:04:41.423,1.03795,1.03817,1.50,1.50
2011.12.07 17:04:41.542,1.03797,1.03819,1.50,1.50
2011.12.07 17:04:43.322,1.03794,1.03816,1.50,1.50
2011.12.07 17:04:43.922,1.03798,1.03816,1.50,1.50
2011.12.07 17:04:44.042,1.038,1.0382,1.50,1.50
2011.12.07 17:04:44.272,1.03805,1.03825,1.50,1.50
2011.12.07 17:04:44.944,1.03802,1.03822,1.50,1.50
2011.12.07 17:04:45.062,1.03799,1.03821,3.00,1.50
2011.12.07 17:04:45.297,1.03802,1.03822,1.50,1.50
2011.12.07 17:04:52.277,1.03805,1.03824,1.50,1.50
2011.12.07 17:04:52.861,1.03805,1.03825,1.50,1.50
2011.12.07 17:04:55.731,1.03797,1.03818,2.18,1.50
2011.12.07 17:04:56.292,1.03799,1.03819,1.50,1.50
2011.12.07 17:04:58.997,1.03798,1.03817,1.50,1.50
2011.12.07 17:04:59.115,1.03799,1.03821,1.50,1.50
2011.12.07 17:05:03.343,1.03798,1.03817,1.50,1.50
2011.12.07 17:05:03.901,1.03797,1.03817,1.50,1.50
2011.12.07 17:05:04.023,1.03793,1.03815,1.50,1.50
2011.12.07 17:05:04.552,1.03796,1.03817,1.50,1.50
2011.12.07 17:05:05.071,1.03796,1.03818,1.50,1.50
2011.12.07 17:05:05.447,1.03793,1.03812,1.50,1.50
2011.12.07 17:05:05.579,1.03791,1.03813,1.50,1.50
2011.12.07 17:05:06.574,1.03791,1.03813,2.25,1.50
2011.12.07 17:05:06.802,1.03794,1.03816,1.50,1.50
2011.12.07 17:05:07.225,1.03794,1.03816,2.25,1.50
2011.12.07 17:05:07.647,1.03798,1.03819,2.18,1.50
2011.12.07 17:05:21.822,1.03798,1.03819,2.93,1.50
2011.12.07 17:05:22.622,1.03798,1.03819,2.18,1.50
2011.12.07 17:05:22.748,1.03801,1.03821,2.25,1.50
2011.12.07 17:05:23.455,1.03801,1.03821,2.25,1.50
2011.12.07 17:05:23.674,1.03801,1.03821,2.25,1.50
2011.12.07 17:05:24.134,1.03803,1.03824,1.50,1.50
2011.12.07 17:05:25.343,1.03803,1.03825,1.50,1.50
2011.12.07 17:05:25.466,1.03803,1.03825,2.25,1.50
2011.12.07 17:05:25.590,1.03811,1.03831,1.50,1.50
2011.12.07 17:05:25.839,1.03809,1.03828,1.50,1.50
2011.12.07 17:05:26.125,1.03809,1.03831,1.50,1.50
2011.12.07 17:05:27.363,1.03807,1.03827,1.50,1.50
2011.12.07 17:05:28.801,1.03808,1.0383,1.50,1.50
2011.12.07 17:05:28.931,1.03812,1.03832,1.50,1.50
2011.12.07 17:05:35.766,1.03813,1.03832,1.50,1.50
2011.12.07 17:05:35.883,1.03815,1.03835,1.50,1.50
2011.12.07 17:05:37.825,1.03818,1.03838,1.50,1.50
2011.12.07 17:05:38.273,1.0382,1.03842,1.50,1.50
2011.12.07 17:05:41.148,1.03826,1.03848,1.50,1.50
2011.12.07 17:05:41.914,1.03829,1.03849,1.50,1.50
2011.12.07 17:05:43.134,1.03829,1.03849,1.50,2.25
2011.12.07 17:05:43.253,1.03826,1.03848,1.50,2.25
2011.12.07 17:05:47.101,1.03826,1.03848,1.50,2.25
2011.12.07 17:05:47.333,1.03818,1.0384,1.50,1.50
2011.12.07 17:05:47.563,1.03826,1.03848,1.50,1.50
2011.12.07 17:05:51.706,1.03816,1.03838,1.50,1.50
2011.12.07 17:05:52.155,1.03828,1.03848,1.50,2.25
2011.12.07 17:05:53.592,1.03828,1.03848,1.50,2.25
2011.12.07 17:05:53.713,1.03818,1.0384,1.50,1.50
2011.12.07 17:05:54.272,1.03825,1.03845,1.50,1.50
2011.12.07 17:05:58.655,1.03825,1.03845,1.50,2.25
2011.12.07 17:05:58.776,1.03817,1.03839,3.68,1.50
2011.12.07 17:06:00.839,1.0382,1.03842,1.50,1.50
2011.12.07 17:06:02.372,1.03817,1.03837,1.50,1.50
2011.12.07 17:06:04.057,1.03823,1.03845,1.50,1.50
2011.12.07 17:06:04.505,1.03818,1.03838,1.50,1.50
2011.12.07 17:06:04.845,1.03821,1.03841,1.50,1.50
2011.12.07 17:06:05.782,1.03818,1.03839,2.18,1.50
2011.12.07 17:06:06.821,1.03819,1.03839,1.50,1.50
2011.12.07 17:06:06.942,1.03821,1.03841,1.50,1.50
2011.12.07 17:06:07.556,1.03818,1.03838,3.68,1.50
2011.12.07 17:06:16.504,1.03808,1.03827,2.18,1.50
2011.12.07 17:06:17.039,1.03807,1.03827,1.50,1.50
2011.12.07 17:06:18.657,1.03812,1.03832,1.50,2.25
2011.12.07 17:06:18.773,1.0381,1.03828,1.50,1.50
2011.12.07 17:06:18.896,1.03808,1.03828,3.68,1.50
2011.12.07 17:06:19.563,1.03818,1.03828,2.18,1.50
2011.12.07 17:06:19.795,1.03808,1.03828,4.05,1.50
2011.12.07 17:06:19.913,1.03815,1.03828,1.50,1.50
2011.12.07 17:06:20.035,1.03818,1.03838,1.50,3.00
2011.12.07 17:06:20.154,1.03816,1.03836,1.50,1.50
2011.12.07 17:06:20.874,1.03821,1.03843,1.50,1.50
2011.12.07 17:06:22.027,1.03808,1.03824,2.18,1.50
2011.12.07 17:06:22.146,1.03802,1.03824,2.25,1.50
2011.12.07 17:06:22.270,1.03805,1.03825,1.50,1.50
2011.12.07 17:06:22.754,1.03812,1.03833,1.50,2.18
2011.12.07 17:06:23.317,1.03812,1.03834,1.50,1.50
2011.12.07 17:06:23.432,1.03815,1.03835,1.50,1.50
2011.12.07 17:06:23.554,1.03812,1.03834,1.50,1.50
2011.12.07 17:06:24.011,1.03815,1.03835,1.50,1.50
2011.12.07 17:06:24.612,1.03815,1.03835,1.50,2.25
2011.12.07 17:06:24.843,1.03806,1.03826,1.50,1.50
2011.12.07 17:06:25.735,1.03807,1.03826,1.50,1.50
2011.12.07 17:06:25.854,1.03809,1.03829,1.50,2.25
2011.12.07 17:06:25.971,1.03803,1.03825,1.50,1.50
2011.12.07 17:06:27.246,1.03803,1.03822,1.50,2.18
2011.12.07 17:06:27.817,1.03793,1.03815,2.25,1.50
2011.12.07 17:06:27.937,1.03793,1.03815,1.50,1.50
2011.12.07 17:06:28.272,1.03797,1.03817,1.50,1.50
2011.12.07 17:06:28.614,1.03786,1.03806,2.25,1.50
2011.12.07 17:06:28.732,1.03796,1.03818,1.50,1.50
2011.12.07 17:06:30.754,1.03794,1.03814,1.50,1.50
2011.12.07 17:06:32.205,1.0379,1.0381,1.50,1.50
2011.12.07 17:06:32.652,1.03791,1.03813,2.25,1.50
2011.12.07 17:06:32.776,1.03797,1.03819,1.50,1.50
2011.12.07 17:06:33.774,1.03792,1.03812,2.25,1.50
2011.12.07 17:06:33.895,1.03795,1.03817,1.50,1.50
2011.12.07 17:06:34.013,1.038,1.0382,1.50,1.50
2011.12.07 17:06:35.505,1.03789,1.03811,2.15,1.50
2011.12.07 17:06:35.624,1.03789,1.03811,2.25,1.50
2011.12.07 17:06:36.207,1.03792,1.03812,2.25,1.50
2011.12.07 17:06:37.947,1.03793,1.03812,1.50,1.50
2011.12.07 17:06:38.284,1.03801,1.03821,1.50,1.50
2011.12.07 17:06:39.329,1.03798,1.03817,1.50,1.50
2011.12.07 17:06:39.962,1.03795,1.03815,1.50,1.50
2011.12.07 17:06:40.093,1.03798,1.03818,3.00,1.50
2011.12.07 17:06:40.214,1.038,1.03822,1.50,1.50
2011.12.07 17:06:41.613,1.03802,1.03822,1.50,1.50
2011.12.07 17:06:42.180,1.03804,1.03824,1.50,1.50
2011.12.07 17:06:42.291,1.03804,1.03826,1.50,1.50
2011.12.07 17:06:42.971,1.03802,1.03824,1.50,1.50
2011.12.07 17:06:45.651,1.03804,1.03826,1.50,1.50
2011.12.07 17:06:47.926,1.03802,1.03822,1.50,1.50
2011.12.07 17:06:48.044,1.03798,1.0382,1.50,1.50
2011.12.07 17:06:51.761,1.03796,1.03818,1.50,1.50
2011.12.07 17:06:53.844,1.03795,1.03813,1.50,1.50
2011.12.07 17:06:53.964,1.03793,1.03813,1.50,1.50
2011.12.07 17:06:54.484,1.03795,1.03817,1.50,1.50
2011.12.07 17:06:54.828,1.03792,1.03814,1.50,1.50
2011.12.07 17:07:00.684,1.03794,1.03816,1.50,1.50
2011.12.07 17:07:01.446,1.03792,1.03812,1.50,1.50
2011.12.07 17:07:01.781,1.03795,1.03815,1.50,1.50
2011.12.07 17:07:06.176,1.03798,1.03815,2.18,1.50
2011.12.07 17:07:12.020,1.03795,1.03815,1.50,1.50
2011.12.07 17:07:12.465,1.03795,1.03817,1.50,1.50
2011.12.07 17:07:16.002,1.03798,1.03817,2.18,1.50
2011.12.07 17:07:16.232,1.03795,1.03817,1.50,1.50
2011.12.07 17:07:16.640,1.03797,1.03817,2.18,1.50
2011.12.07 17:07:17.190,1.03798,1.03818,1.50,1.50
2011.12.07 17:07:22.698,1.03801,1.0382,1.50,1.50
2011.12.07 17:07:22.925,1.03798,1.03818,1.50,1.50
2011.12.07 17:07:23.044,1.03806,1.03826,1.50,1.50
2011.12.07 17:07:23.787,1.03806,1.03826,1.50,2.25
2011.12.07 17:07:24.125,1.03808,1.03826,2.18,2.25
2011.12.07 17:07:25.549,1.03806,1.03826,1.50,2.25
2011.12.07 17:07:27.095,1.03804,1.03824,1.50,2.25
2011.12.07 17:07:27.219,1.03798,1.03818,2.18,1.50
2011.12.07 17:07:27.449,1.03806,1.03823,1.50,1.35
2011.12.07 17:07:27.786,1.03806,1.03826,1.50,2.25
2011.12.07 17:07:28.289,1.03801,1.03821,1.50,1.50
2011.12.07 17:07:28.405,1.03803,1.03823,1.50,2.25
2011.12.07 17:07:28.742,1.03796,1.03816,1.50,1.50
2011.12.07 17:07:29.779,1.03798,1.03818,1.50,1.50
2011.12.07 17:07:29.893,1.03795,1.03816,1.50,1.50
2011.12.07 17:07:30.698,1.03797,1.03817,1.50,1.50
2011.12.07 17:07:30.820,1.03797,1.03819,1.50,1.50
2011.12.07 17:07:33.296,1.03796,1.03816,1.50,1.50
2011.12.07 17:07:36.063,1.03799,1.03819,1.50,1.50
2011.12.07 17:07:37.093,1.03802,1.03822,1.50,1.50
2011.12.07 17:07:37.727,1.03802,1.03824,1.50,2.25
2011.12.07 17:07:37.953,1.03805,1.03825,1.50,3.75
2011.12.07 17:07:39.354,1.03802,1.03822,1.50,1.50
2011.12.07 17:07:46.312,1.03799,1.03821,3.00,1.50
2011.12.07 17:07:48.637,1.03796,1.03818,1.50,1.50
2011.12.07 17:07:49.073,1.03798,1.03818,1.50,1.50
2011.12.07 17:07:50.703,1.03801,1.03821,3.00,1.50
2011.12.07 17:07:51.045,1.03803,1.03825,1.50,2.25
2011.12.07 17:07:51.384,1.03798,1.03818,1.50,1.50
2011.12.07 17:07:52.105,1.03795,1.03817,1.50,1.50
2011.12.07 17:07:52.454,1.03798,1.03818,1.50,3.00
2011.12.07 17:07:53.889,1.03795,1.03817,3.00,1.50
2011.12.07 17:07:54.321,1.03797,1.03818,1.50,1.50
2011.12.07 17:07:55.193,1.03797,1.03819,1.50,1.50
2011.12.07 17:07:55.564,1.03802,1.03822,1.50,1.50
2011.12.07 17:07:56.709,1.03799,1.03811,1.50,1.50
2011.12.07 17:07:56.826,1.03801,1.03821,1.50,1.50
2011.12.07 17:07:57.164,1.03799,1.03819,1.50,2.25
2011.12.07 17:07:57.287,1.03796,1.03816,1.50,1.50
2011.12.07 17:07:57.954,1.03793,1.03813,3.00,1.50
2011.12.07 17:07:59.163,1.03797,1.03813,2.18,1.50
2011.12.07 17:07:59.283,1.03797,1.03818,2.18,1.50
2011.12.07 17:07:59.736,1.03798,1.0382,1.50,1.50
2011.12.07 17:08:00.303,1.03797,1.03817,1.50,1.50
2011.12.07 17:08:00.426,1.03794,1.03815,1.50,1.50
2011.12.07 17:08:00.798,1.03796,1.03818,1.50,1.50
2011.12.07 17:08:01.562,1.03797,1.03818,2.18,1.50
2011.12.07 17:08:02.236,1.03796,1.03818,1.50,1.50
2011.12.07 17:08:03.790,1.03798,1.03818,2.18,1.50
2011.12.07 17:08:05.593,1.03796,1.03818,1.50,1.50
2011.12.07 17:08:07.242,1.03798,1.03818,2.18,1.50
2011.12.07 17:08:07.994,1.03798,1.03814,2.18,1.50
2011.12.07 17:08:08.786,1.03798,1.03811,2.18,1.50
2011.12.07 17:08:08.904,1.03791,1.03811,2.25,1.50
2011.12.07 17:08:10.374,1.03797,1.03811,2.18,1.50
2011.12.07 17:08:10.496,1.03797,1.03817,2.18,1.50
2011.12.07 17:08:16.365,1.03792,1.03812,1.50,1.50
2011.12.07 17:08:21.105,1.03796,1.03818,1.50,1.50
2011.12.07 17:08:21.332,1.03798,1.03818,2.18,1.50
2011.12.07 17:08:22.501,1.03797,1.03818,4.43,1.50
2011.12.07 17:08:22.844,1.03802,1.03822,1.50,1.50
2011.12.07 17:08:28.003,1.03808,1.03822,2.18,1.50
2011.12.07 17:08:28.452,1.03808,1.03825,2.18,1.50
2011.12.07 17:08:29.937,1.038,1.03822,1.50,1.50
2011.12.07 17:08:41.955,1.03807,1.03824,1.50,2.25
2011.12.07 17:08:42.079,1.03807,1.03827,1.50,1.50
2011.12.07 17:08:42.653,1.03805,1.03825,1.50,1.50
2011.12.07 17:08:43.057,1.03803,1.03825,1.50,1.50
2011.12.07 17:08:45.672,1.03803,1.03823,1.50,1.50
2011.12.07 17:08:46.011,1.038,1.0382,1.50,1.50
2011.12.07 17:08:47.852,1.03797,1.03817,3.68,1.50
2011.12.07 17:08:52.408,1.03793,1.03815,1.50,1.50
2011.12.07 17:08:53.174,1.03797,1.03817,1.50,1.50
2011.12.07 17:08:54.293,1.03798,1.03817,2.18,1.50
2011.12.07 17:08:55.232,1.03797,1.03817,1.50,1.50
2011.12.07 17:08:56.139,1.03797,1.03816,1.50,1.50
2011.12.07 17:08:56.254,1.03793,1.03815,1.50,1.50
2011.12.07 17:08:56.846,1.03792,1.03811,1.50,1.50
2011.12.07 17:08:57.682,1.03791,1.03811,1.50,1.50
2011.12.07 17:08:59.334,1.03789,1.03808,1.50,1.50
2011.12.07 17:09:00.005,1.03788,1.03808,2.15,1.50
2011.12.07 17:09:07.951,1.03791,1.03811,1.50,3.00
2011.12.07 17:09:08.312,1.03798,1.03815,2.18,1.50
2011.12.07 17:09:10.793,1.0379,1.0381,1.50,1.50
2011.12.07 17:09:12.202,1.03792,1.03812,1.50,1.50
2011.12.07 17:09:21.749,1.03789,1.03811,1.50,1.50
2011.12.07 17:09:21.868,1.03788,1.03806,2.18,1.50
2011.12.07 17:09:22.202,1.03788,1.03808,3.68,1.50
2011.12.07 17:09:25.823,1.03794,1.03811,1.50,1.50
2011.12.07 17:09:25.941,1.03794,1.03814,1.50,1.50
2011.12.07 17:09:38.433,1.03797,1.03814,2.18,1.50
2011.12.07 17:09:39.594,1.03797,1.03817,3.68,1.50
2011.12.07 17:09:40.563,1.03798,1.03819,1.50,1.50
2011.12.07 17:09:41.068,1.03798,1.0382,1.50,1.50
2011.12.07 17:09:41.922,1.03798,1.0382,1.50,2.25
2011.12.07 17:09:42.044,1.03797,1.03816,1.50,1.50
2011.12.07 17:09:42.165,1.03794,1.03816,1.50,1.50
2011.12.07 17:09:42.284,1.03798,1.03818,1.50,1.50
2011.12.07 17:09:42.844,1.03796,1.03816,1.50,1.50
2011.12.07 17:09:43.292,1.03792,1.03814,1.50,1.50
2011.12.07 17:09:44.096,1.03797,1.03817,1.50,1.50
2011.12.07 17:09:44.483,1.03793,1.03815,1.50,1.50
2011.12.07 17:09:47.901,1.0379,1.03812,1.50,1.50
2011.12.07 17:09:48.242,1.0379,1.03812,2.25,1.50
2011.12.07 17:09:48.366,1.03794,1.03816,1.50,1.50
2011.12.07 17:09:48.879,1.03798,1.03816,1.50,1.50
2011.12.07 17:09:48.993,1.03799,1.03821,1.50,1.50
2011.12.07 17:09:50.902,1.038,1.03821,1.50,1.50
2011.12.07 17:09:51.021,1.03802,1.03822,1.50,1.50
2011.12.07 17:09:51.823,1.03811,1.03833,1.50,4.43
2011.12.07 17:09:51.944,1.03802,1.03822,1.50,1.50
2011.12.07 17:09:53.504,1.03804,1.03826,1.50,1.50
2011.12.07 17:09:58.456,1.03802,1.03822,1.50,1.50
2011.12.07 17:09:59.011,1.03798,1.0382,1.50,1.50
2011.12.07 17:10:08.570,1.03804,1.03826,1.50,1.50
2011.12.07 17:10:09.307,1.03804,1.03826,2.25,1.50
2011.12.07 17:10:09.645,1.03808,1.03828,1.50,1.50
2011.12.07 17:10:12.512,1.03805,1.03825,3.00,1.50
2011.12.07 17:10:12.960,1.03805,1.03823,1.50,2.18
2011.12.07 17:10:13.296,1.03805,1.03825,1.50,1.50
2011.12.07 17:10:13.522,1.03802,1.03824,1.50,1.50
2011.12.07 17:10:13.642,1.03806,1.03826,1.50,1.50
2011.12.07 17:10:15.049,1.03814,1.03832,1.50,2.18
2011.12.07 17:10:15.276,1.03808,1.03828,1.50,1.50
2011.12.07 17:10:15.701,1.03814,1.03822,1.50,2.18
2011.12.07 17:10:15.829,1.03806,1.03822,1.50,2.18
2011.12.07 17:10:20.264,1.03811,1.03822,1.50,2.18
2011.12.07 17:10:21.430,1.03808,1.03822,1.50,2.18
2011.12.07 17:10:21.546,1.03808,1.03828,1.50,1.50
2011.12.07 17:10:22.105,1.03808,1.0383,1.50,1.50
2011.12.07 17:10:25.025,1.03812,1.03832,1.50,1.50
2011.12.07 17:10:26.336,1.03814,1.03836,1.50,1.50
2011.12.07 17:10:27.653,1.03812,1.03834,1.50,1.50
2011.12.07 17:10:29.041,1.03814,1.03836,1.50,1.50
2011.12.07 17:10:30.730,1.03818,1.03838,1.50,3.00
2011.12.07 17:10:42.861,1.03825,1.03841,1.50,1.50
2011.12.07 17:10:43.422,1.03825,1.03845,1.50,1.50
2011.12.07 17:10:47.384,1.03827,1.03849,1.50,1.50
2011.12.07 17:10:53.373,1.0383,1.03849,1.50,1.50
2011.12.07 17:10:53.491,1.03831,1.03853,1.50,3.68
2011.12.07 17:10:53.612,1.03828,1.03848,1.50,1.50
2011.12.07 17:10:53.955,1.03825,1.03845,1.50,1.50
2011.12.07 17:10:54.725,1.03827,1.03849,1.50,1.50
2011.12.07 17:10:55.603,1.03827,1.03847,1.50,1.50
2011.12.07 17:10:55.723,1.03824,1.03846,1.50,1.50
2011.12.07 17:10:55.844,1.03823,1.03843,3.00,1.50
2011.12.07 17:10:56.349,1.03823,1.0384,1.50,1.50
2011.12.07 17:10:56.465,1.03817,1.03839,3.68,1.50
2011.12.07 17:10:56.694,1.03821,1.03841,1.50,1.50
2011.12.07 17:10:57.146,1.03819,1.03838,1.50,1.50
2011.12.07 17:10:57.263,1.03825,1.03847,1.50,1.50
2011.12.07 17:10:58.958,1.03827,1.03847,1.50,1.50
2011.12.07 17:10:59.555,1.03829,1.03849,1.50,1.50
2011.12.07 17:10:59.913,1.03824,1.03844,1.50,2.25
2011.12.07 17:11:00.463,1.03824,1.03844,1.50,1.50
2011.12.07 17:11:04.423,1.03824,1.03846,1.50,1.50
2011.12.07 17:11:05.795,1.03824,1.03842,1.50,2.18
2011.12.07 17:11:06.665,1.03824,1.03846,1.50,1.50
2011.12.07 17:11:08.459,1.03824,1.03845,1.50,1.50
2011.12.07 17:11:08.578,1.0382,1.0384,1.50,1.50
2011.12.07 17:11:10.618,1.0382,1.0384,2.25,1.50
2011.12.07 17:11:11.181,1.03822,1.03842,2.25,1.50
2011.12.07 17:11:20.986,1.03823,1.03842,1.50,3.68
2011.12.07 17:11:21.107,1.03829,1.03849,1.50,1.50
2011.12.07 17:11:24.837,1.0383,1.03849,1.50,1.50
2011.12.07 17:11:24.953,1.03832,1.03852,1.50,1.50
2011.12.07 17:11:32.822,1.0383,1.0385,1.50,1.50
2011.12.07 17:11:35.564,1.03834,1.03852,1.50,2.18
2011.12.07 17:11:35.793,1.03834,1.03854,1.50,1.50
2011.12.07 17:11:36.023,1.03836,1.03856,1.50,1.50
2011.12.07 17:11:36.364,1.03843,1.03863,1.50,1.50
2011.12.07 17:11:36.594,1.03846,1.03868,1.50,2.25
2011.12.07 17:11:38.276,1.03853,1.03867,1.50,1.50
2011.12.07 17:11:38.398,1.03844,1.03866,1.50,1.50
2011.12.07 17:11:38.624,1.03841,1.03863,1.50,1.50
2011.12.07 17:11:43.164,1.0384,1.03857,1.50,1.50
2011.12.07 17:11:43.283,1.03837,1.03857,1.50,1.50
2011.12.07 17:11:44.177,1.03837,1.03857,2.25,1.50
2011.12.07 17:11:44.298,1.03839,1.03859,1.50,1.50
2011.12.07 17:11:44.419,1.03839,1.03861,1.50,2.25
2011.12.07 17:11:44.648,1.03828,1.03847,1.50,1.50
2011.12.07 17:11:44.766,1.03827,1.03847,3.00,1.50
2011.12.07 17:11:44.885,1.03827,1.03847,2.25,1.50
2011.12.07 17:11:45.271,1.03827,1.03847,2.25,1.50
2011.12.07 17:11:45.394,1.03835,1.03855,1.50,1.50
2011.12.07 17:11:45.507,1.03838,1.0386,3.68,1.50
2011.12.07 17:11:45.626,1.03838,1.0386,1.50,2.25
2011.12.07 17:11:46.165,1.03841,1.0386,1.50,1.50
2011.12.07 17:11:46.286,1.03843,1.03863,1.50,2.93
2011.12.07 17:11:50.682,1.03841,1.03861,1.50,1.50
2011.12.07 17:11:54.019,1.03838,1.03858,2.18,1.50
2011.12.07 17:11:55.864,1.03836,1.03858,1.50,2.25
2011.12.07 17:11:56.954,1.03834,1.03854,1.50,1.50
2011.12.07 17:12:00.502,1.03837,1.03854,2.18,1.50
2011.12.07 17:12:03.775,1.03837,1.03856,2.18,3.00
2011.12.07 17:12:04.221,1.03839,1.03858,1.50,1.50
2011.12.07 17:12:05.090,1.03839,1.03859,1.50,1.50
2011.12.07 17:12:10.192,1.03842,1.03862,1.50,1.50
2011.12.07 17:12:10.642,1.0384,1.0386,1.50,1.50
2011.12.07 17:12:11.037,1.03838,1.03857,1.50,1.50
2011.12.07 17:12:11.873,1.03837,1.03857,3.68,1.50
2011.12.07 17:12:14.252,1.03839,1.03861,1.50,1.50
2011.12.07 17:12:15.224,1.03837,1.03856,2.18,1.50
2011.12.07 17:12:17.823,1.03838,1.03858,1.50,1.50
2011.12.07 17:12:17.947,1.03838,1.0386,1.50,1.50
2011.12.07 17:12:22.513,1.03837,1.03857,2.18,1.50
2011.12.07 17:12:23.345,1.0384,1.0386,1.50,1.50
2011.12.07 17:12:23.739,1.03843,1.03863,1.50,1.50
2011.12.07 17:12:26.243,1.03841,1.03861,1.50,1.50
2011.12.07 17:12:30.063,1.03837,1.03858,2.18,1.50
2011.12.07 17:12:30.186,1.03838,1.0386,1.50,1.50
2011.12.07 17:12:33.353,1.03844,1.03862,1.50,1.50
2011.12.07 17:12:33.471,1.03844,1.03866,1.50,1.50
2011.12.07 17:12:35.255,1.03843,1.03862,1.50,1.50
2011.12.07 17:12:37.294,1.03842,1.03862,1.50,1.50
2011.12.07 17:12:38.376,1.0384,1.0386,1.50,1.50
2011.12.07 17:12:38.720,1.03838,1.03859,1.50,1.50
2011.12.07 17:12:39.247,1.03838,1.0386,1.50,1.50
2011.12.07 17:12:40.926,1.03837,1.03857,1.50,1.50
2011.12.07 17:12:44.205,1.0384,1.0386,1.50,3.00
2011.12.07 17:12:44.775,1.03842,1.03862,1.50,1.50
2011.12.07 17:13:02.863,1.03837,1.03857,2.93,1.50
2011.12.07 17:13:03.208,1.03837,1.03855,2.18,1.50
2011.12.07 17:13:04.654,1.03838,1.0386,1.50,1.50
2011.12.07 17:13:04.885,1.03843,1.03863,1.50,1.50
2011.12.07 17:13:05.005,1.03845,1.03867,1.50,1.50
2011.12.07 17:13:05.124,1.03841,1.03863,1.50,1.50
2011.12.07 17:13:12.373,1.0384,1.0386,1.50,1.50
2011.12.07 17:13:15.024,1.03836,1.03858,3.00,1.50
2011.12.07 17:13:15.144,1.03839,1.03859,1.50,1.50
2011.12.07 17:13:18.224,1.03839,1.03859,2.10,1.50
2011.12.07 17:13:19.432,1.03839,1.03859,1.50,1.50
2011.12.07 17:13:20.114,1.03837,1.03857,2.18,1.50
2011.12.07 17:13:20.564,1.0384,1.0386,1.50,1.50
2011.12.07 17:13:24.648,1.03836,1.03856,1.50,1.50
2011.12.07 17:13:24.765,1.03843,1.03863,1.50,3.00
2011.12.07 17:13:25.283,1.03846,1.03865,1.50,1.50
2011.12.07 17:13:25.515,1.0384,1.03862,1.50,1.50
2011.12.07 17:13:25.745,1.03838,1.03858,2.15,1.50
2011.12.07 17:13:26.086,1.03849,1.03871,1.50,3.00
2011.12.07 17:13:26.424,1.03839,1.03859,1.50,1.50
2011.12.07 17:13:26.654,1.03835,1.03857,1.50,1.50
2011.12.07 17:13:28.258,1.03838,1.03857,2.18,1.50
2011.12.07 17:13:28.378,1.03839,1.03861,1.50,1.50
2011.12.07 17:13:29.453,1.03841,1.03862,1.50,2.18
2011.12.07 17:13:29.793,1.0384,1.0386,1.50,1.50
2011.12.07 17:13:32.353,1.03841,1.03862,1.50,2.18
2011.12.07 17:13:33.213,1.03841,1.03863,1.50,1.50
2011.12.07 17:13:33.518,1.0384,1.0386,1.50,1.50
2011.12.07 17:13:34.242,1.03841,1.03863,1.50,1.50
2011.12.07 17:13:40.497,1.0384,1.0386,1.50,1.50
2011.12.07 17:13:40.617,1.03836,1.03858,1.50,1.50
2011.12.07 17:13:40.845,1.03828,1.0385,1.50,1.50
2011.12.07 17:13:42.175,1.03834,1.03854,1.50,1.50
2011.12.07 17:13:42.513,1.03835,1.03857,1.50,1.50
2011.12.07 17:13:42.635,1.03838,1.03857,2.18,1.50
2011.12.07 17:13:43.185,1.03834,1.03854,1.50,1.50
2011.12.07 17:13:46.213,1.03838,1.03854,2.18,1.50
2011.12.07 17:13:46.669,1.03828,1.03844,2.18,1.50
2011.12.07 17:13:48.753,1.03828,1.03841,2.18,1.50
2011.12.07 17:13:49.314,1.03821,1.03841,1.50,1.50
2011.12.07 17:13:49.553,1.03819,1.03838,1.50,1.50
2011.12.07 17:13:49.786,1.03823,1.03845,1.50,1.50
2011.12.07 17:13:50.632,1.03829,1.03849,1.50,1.50
2011.12.07 17:13:51.192,1.03828,1.03847,2.18,1.50
2011.12.07 17:13:51.314,1.03825,1.03847,1.50,1.50
2011.12.07 17:13:51.436,1.03828,1.03848,1.50,1.50
2011.12.07 17:13:51.776,1.03834,1.03846,1.50,1.50
2011.12.07 17:13:51.898,1.03835,1.03857,1.50,1.50
2011.12.07 17:13:52.461,1.03829,1.03851,1.50,1.50
2011.12.07 17:13:54.773,1.03831,1.03853,1.50,1.50
2011.12.07 17:13:56.350,1.0383,1.0385,1.50,1.50
2011.12.07 17:13:56.736,1.03831,1.03853,1.50,1.50
2011.12.07 17:13:57.124,1.0383,1.0385,3.00,1.50
2011.12.07 17:13:57.244,1.03831,1.03852,1.50,1.50
2011.12.07 17:13:57.827,1.03831,1.03853,2.25,1.50
2011.12.07 17:13:57.942,1.03837,1.03853,2.18,1.50
2011.12.07 17:14:00.444,1.03831,1.03853,2.25,1.50
2011.12.07 17:14:00.671,1.03837,1.03853,2.18,1.50
2011.12.07 17:14:02.427,1.03837,1.03854,3.68,1.50
2011.12.07 17:14:02.545,1.03841,1.03863,1.50,1.50
2011.12.07 17:14:03.411,1.03839,1.03861,1.50,1.50
2011.12.07 17:14:07.076,1.03836,1.03858,1.50,1.50
2011.12.07 17:14:10.496,1.03836,1.03857,1.50,1.50
2011.12.07 17:14:10.834,1.03828,1.03848,3.68,1.50
2011.12.07 17:14:13.412,1.03828,1.03846,3.68,1.50
2011.12.07 17:14:13.646,1.03824,1.03844,1.50,1.50
2011.12.07 17:14:17.477,1.03824,1.03842,1.50,2.18
2011.12.07 17:14:17.703,1.03825,1.03845,1.50,1.50
2011.12.07 17:14:22.969,1.03828,1.03848,1.50,1.50
2011.12.07 17:14:23.304,1.0383,1.03852,1.50,1.50
2011.12.07 17:14:23.424,1.03833,1.03855,1.50,1.50
2011.12.07 17:14:23.797,1.03835,1.03856,1.50,1.50
2011.12.07 17:14:24.376,1.03835,1.03857,1.50,1.50
2011.12.07 17:14:24.957,1.03829,1.03849,1.50,1.50
2011.12.07 17:14:25.624,1.03831,1.03853,1.50,1.50
2011.12.07 17:14:26.665,1.0383,1.0385,1.50,1.50
2011.12.07 17:14:27.232,1.03828,1.03848,2.18,1.50
2011.12.07 17:14:28.339,1.03838,1.03858,3.68,1.50
2011.12.07 17:14:29.125,1.03832,1.03854,1.50,1.50
2011.12.07 17:14:31.258,1.0383,1.03852,1.50,1.50
2011.12.07 17:14:31.597,1.03828,1.03848,1.50,1.50
2011.12.07 17:14:32.577,1.03824,1.03846,1.50,1.50
2011.12.07 17:14:33.424,1.03824,1.03846,2.25,1.50
2011.12.07 17:14:33.653,1.03824,1.03846,1.50,1.50
2011.12.07 17:14:36.651,1.03824,1.03846,1.88,1.50
2011.12.07 17:14:36.769,1.03835,1.03857,1.50,1.50
2011.12.07 17:14:40.707,1.03838,1.03857,2.18,1.50
2011.12.07 17:14:40.934,1.0384,1.0386,1.50,1.50
2011.12.07 17:14:41.272,1.03847,1.0386,2.18,1.50
2011.12.07 17:14:41.393,1.03847,1.03863,2.18,1.50
2011.12.07 17:14:41.518,1.03852,1.03872,1.50,1.50
2011.12.07 17:14:41.637,1.03849,1.03869,1.50,1.50
2011.12.07 17:14:41.974,1.03843,1.03863,3.00,1.50
2011.12.07 17:14:42.314,1.03838,1.03859,2.18,1.50
2011.12.07 17:14:42.925,1.03837,1.03859,3.68,1.50
2011.12.07 17:14:43.622,1.03837,1.03855,2.18,1.50
2011.12.07 17:14:46.322,1.03837,1.03859,3.68,1.50
2011.12.07 17:14:47.484,1.03837,1.03855,2.18,1.50
2011.12.07 17:14:47.604,1.03835,1.03855,1.50,1.50
2011.12.07 17:14:49.174,1.03835,1.03855,2.25,1.50
2011.12.07 17:14:49.648,1.0384,1.03862,1.50,3.68
2011.12.07 17:14:51.413,1.03839,1.03857,1.50,1.50
2011.12.07 17:14:51.535,1.03835,1.03857,1.50,1.50
2011.12.07 17:14:54.703,1.03835,1.03857,2.25,1.50
2011.12.07 17:14:54.827,1.0384,1.03862,1.50,1.50
2011.12.07 17:14:56.645,1.0384,1.03862,2.25,3.68
2011.12.07 17:14:58.475,1.0384,1.03854,1.50,1.50
2011.12.07 17:14:58.594,1.03831,1.03853,2.25,1.50
2011.12.07 17:14:58.714,1.03831,1.03853,2.25,1.50
2011.12.07 17:15:00.284,1.03831,1.03853,2.25,1.50
2011.12.07 17:15:00.402,1.03831,1.03853,2.25,1.50
2011.12.07 17:15:01.200,1.03838,1.03853,2.18,1.50
2011.12.07 17:15:01.314,1.0384,1.0386,1.50,1.50
2011.12.07 17:15:01.544,1.03836,1.03856,1.50,1.50
2011.12.07 17:15:01.666,1.03833,1.03855,1.50,1.50
2011.12.07 17:15:04.587,1.03833,1.03855,2.25,1.50
2011.12.07 17:15:04.903,1.03833,1.03855,1.50,1.50
2011.12.07 17:15:05.022,1.03833,1.03855,2.25,1.50
2011.12.07 17:15:05.142,1.03833,1.03855,1.50,1.50
2011.12.07 17:15:05.743,1.03833,1.03855,2.25,1.50
2011.12.07 17:15:05.863,1.03833,1.03855,1.50,1.50
2011.12.07 17:15:05.982,1.03833,1.03855,2.25,1.50
2011.12.07 17:15:06.402,1.03833,1.03855,1.50,1.50
2011.12.07 17:15:06.529,1.03833,1.03855,2.25,1.50
2011.12.07 17:15:06.906,1.03833,1.03853,2.25,2.18
2011.12.07 17:15:07.026,1.0383,1.0385,2.25,1.50
2011.12.07 17:15:07.507,1.0383,1.0385,1.50,1.50
2011.12.07 17:15:07.846,1.0383,1.0385,2.25,1.50
2011.12.07 17:15:08.183,1.0383,1.0385,2.25,1.50
2011.12.07 17:15:08.608,1.0383,1.0385,1.50,1.50
2011.12.07 17:15:08.946,1.03827,1.03846,2.25,1.50
2011.12.07 17:15:09.403,1.03833,1.03849,1.50,1.50
2011.12.07 17:15:09.634,1.03833,1.03853,1.50,1.50
2011.12.07 17:15:10.469,1.0383,1.03852,2.25,1.50
2011.12.07 17:15:11.447,1.03835,1.03853,1.50,1.50
2011.12.07 17:15:11.569,1.03838,1.03858,1.50,1.50
2011.12.07 17:15:11.687,1.03838,1.0386,1.50,1.50
2011.12.07 17:15:12.023,1.03838,1.0386,1.50,2.63
2011.12.07 17:15:12.254,1.03838,1.0386,1.50,1.50
2011.12.07 17:15:12.375,1.03838,1.03858,1.50,1.50
2011.12.07 17:15:19.316,1.0384,1.03862,1.50,1.50
2011.12.07 17:15:22.444,1.0384,1.03857,1.50,1.50
2011.12.07 17:15:22.565,1.03835,1.03855,1.50,1.50
2011.12.07 17:15:22.798,1.03839,1.03859,1.50,1.50
2011.12.07 17:15:23.134,1.03835,1.03855,1.50,1.50
2011.12.07 17:15:23.652,1.03837,1.03855,1.50,1.50
2011.12.07 17:15:23.775,1.03838,1.0386,1.50,1.50
2011.12.07 17:15:24.223,1.03838,1.03858,1.50,1.50
2011.12.07 17:15:24.342,1.03834,1.03856,1.50,1.50
2011.12.07 17:15:24.694,1.03838,1.03859,2.18,1.50
2011.12.07 17:15:25.035,1.03838,1.03856,2.18,1.50
2011.12.07 17:15:25.153,1.03834,1.03856,1.50,1.50
2011.12.07 17:15:33.871,1.03834,1.03855,1.50,1.50
2011.12.07 17:15:33.991,1.03831,1.03853,1.50,1.50
2011.12.07 17:15:36.744,1.0383,1.0385,1.50,1.50
2011.12.07 17:15:53.148,1.0383,1.0385,2.10,1.50
2011.12.07 17:15:53.711,1.03837,1.03852,1.50,2.18
2011.12.07 17:15:53.830,1.03835,1.03855,1.50,2.25
2011.12.07 17:15:54.056,1.03835,1.03855,1.50,1.50
2011.12.07 17:15:54.607,1.03837,1.03859,1.50,2.25
2011.12.07 17:15:54.725,1.03834,1.03856,1.50,1.50
2011.12.07 17:15:55.132,1.03838,1.0386,1.50,1.50
2011.12.07 17:15:56.486,1.03833,1.03851,1.50,1.50
2011.12.07 17:15:56.616,1.03828,1.0385,1.50,1.50
2011.12.07 17:15:56.733,1.03828,1.0385,2.25,1.50
2011.12.07 17:15:57.182,1.03831,1.03853,2.25,1.50
2011.12.07 17:15:58.396,1.03831,1.03853,1.50,1.50
2011.12.07 17:15:59.094,1.03834,1.03856,1.50,1.50
2011.12.07 17:15:59.649,1.03837,1.03856,2.18,1.50
2011.12.07 17:16:01.572,1.03834,1.03856,1.50,1.50
2011.12.07 17:16:02.354,1.03838,1.03858,1.50,1.50
2011.12.07 17:16:06.754,1.03835,1.03855,1.50,1.50
2011.12.07 17:16:07.093,1.03828,1.0385,1.50,1.50
2011.12.07 17:16:09.218,1.03831,1.03851,1.50,1.50
2011.12.07 17:16:12.317,1.03829,1.03851,1.50,1.50
2011.12.07 17:16:17.242,1.03824,1.03844,1.50,1.50
2011.12.07 17:16:19.003,1.03827,1.03849,1.50,1.50
2011.12.07 17:16:21.715,1.03831,1.03851,1.50,3.00
2011.12.07 17:16:24.444,1.03832,1.03854,1.50,1.50
2011.12.07 17:16:24.841,1.0383,1.03852,1.50,1.50
2011.12.07 17:16:26.081,1.03832,1.03854,1.50,3.75
2011.12.07 17:16:28.468,1.03832,1.03854,1.50,4.13
2011.12.07 17:16:28.896,1.03827,1.03849,1.50,1.50
2011.12.07 17:16:38.083,1.03831,1.03851,1.50,1.50
2011.12.07 17:16:38.505,1.03829,1.03849,1.50,1.50
2011.12.07 17:16:38.626,1.03827,1.03849,1.50,1.50
2011.12.07 17:16:38.746,1.03824,1.03846,1.50,1.50
2011.12.07 17:16:43.233,1.03828,1.03848,1.50,1.50
2011.12.07 17:16:50.942,1.03824,1.03846,1.50,1.50
2011.12.07 17:16:51.172,1.0383,1.03847,1.50,1.50
2011.12.07 17:16:51.294,1.0383,1.0385,1.50,1.50
2011.12.07 17:16:53.785,1.03832,1.03852,1.50,1.50
2011.12.07 17:16:54.234,1.03829,1.03851,1.50,1.50
2011.12.07 17:16:57.070,1.03834,1.03852,1.50,1.50
2011.12.07 17:16:57.188,1.03828,1.0385,1.50,1.50
2011.12.07 17:16:58.294,1.03831,1.03853,1.50,3.68
2011.12.07 17:16:59.890,1.03831,1.03852,1.50,2.18
2011.12.07 17:17:00.224,1.03829,1.03851,1.50,1.50
2011.12.07 17:17:01.008,1.03831,1.03852,1.50,3.68
2011.12.07 17:17:01.863,1.03831,1.03853,1.50,1.50
2011.12.07 17:17:02.788,1.03827,1.03849,3.68,1.50
2011.12.07 17:17:04.086,1.03824,1.03846,1.50,1.50
2011.12.07 17:17:04.427,1.03823,1.03839,1.50,1.50
2011.12.07 17:17:04.544,1.03819,1.03839,1.50,1.50
2011.12.07 17:17:05.223,1.03816,1.03838,1.50,1.50
2011.12.07 17:17:05.570,1.03822,1.03844,1.50,2.25
2011.12.07 17:17:05.908,1.0382,1.0384,1.50,1.50
2011.12.07 17:17:07.307,1.0381,1.03829,1.35,1.50
2011.12.07 17:17:07.434,1.03817,1.03837,1.50,1.50
2011.12.07 17:17:07.888,1.03819,1.03839,1.50,1.50
2011.12.07 17:17:08.666,1.03821,1.03842,1.50,2.18
2011.12.07 17:17:08.787,1.03819,1.03841,1.50,1.50
2011.12.07 17:17:08.906,1.03822,1.03842,1.50,3.68
2011.12.07 17:17:10.293,1.0382,1.0384,1.50,1.50
2011.12.07 17:17:10.747,1.03817,1.03838,1.50,1.50
2011.12.07 17:17:11.333,1.03816,1.03838,1.50,1.50
2011.12.07 17:17:14.573,1.03816,1.03832,1.50,1.50
2011.12.07 17:17:14.696,1.0381,1.0383,1.50,1.50
2011.12.07 17:17:17.782,1.03808,1.03828,1.50,1.50
2011.12.07 17:17:18.766,1.03801,1.03822,1.35,3.68
2011.12.07 17:17:19.213,1.03809,1.03822,1.50,2.18
2011.12.07 17:17:19.444,1.03809,1.03829,1.50,1.50
2011.12.07 17:17:20.113,1.03809,1.03829,1.50,2.25
2011.12.07 17:17:20.233,1.03801,1.03821,1.50,1.50
2011.12.07 17:17:20.462,1.03808,1.03822,1.50,2.18
2011.12.07 17:17:20.692,1.03808,1.03828,1.50,1.50
2011.12.07 17:17:21.151,1.03806,1.03826,1.50,1.50
2011.12.07 17:17:21.610,1.03803,1.03823,1.50,1.50
2011.12.07 17:17:21.729,1.03795,1.03817,1.50,1.50
2011.12.07 17:17:21.954,1.03802,1.03819,1.50,1.50
2011.12.07 17:17:22.075,1.03802,1.03822,1.50,1.50
2011.12.07 17:17:22.416,1.03805,1.03825,1.50,1.50
2011.12.07 17:17:23.524,1.03805,1.03825,1.50,2.25
2011.12.07 17:17:24.049,1.03803,1.03823,1.50,2.18
2011.12.07 17:17:24.273,1.038,1.03822,1.50,1.50
2011.12.07 17:17:24.730,1.03808,1.03828,1.50,2.25
2011.12.07 17:17:25.398,1.0381,1.03831,1.50,1.50
2011.12.07 17:17:25.993,1.0381,1.03832,1.50,1.50
2011.12.07 17:17:26.345,1.03809,1.03829,1.50,1.50
2011.12.07 17:17:28.180,1.03805,1.03825,1.50,1.50
2011.12.07 17:17:30.042,1.03807,1.03829,1.50,1.50
2011.12.07 17:17:32.352,1.03807,1.03829,1.50,2.25
2011.12.07 17:17:32.584,1.03805,1.03825,1.50,1.50
2011.12.07 17:17:35.715,1.03816,1.03832,1.50,2.18
2011.12.07 17:17:35.943,1.03816,1.03838,1.50,2.25
2011.12.07 17:17:42.285,1.03822,1.03842,1.50,4.43
2011.12.07 17:17:42.623,1.03819,1.03838,1.50,2.25
2011.12.07 17:17:42.966,1.03813,1.03833,1.50,1.50
2011.12.07 17:17:43.994,1.03813,1.03832,1.50,2.18
2011.12.07 17:17:44.120,1.03807,1.03829,1.50,1.50
2011.12.07 17:17:45.772,1.03804,1.03826,1.50,1.50
2011.12.07 17:17:46.113,1.038,1.03822,1.50,1.50
2011.12.07 17:17:46.944,1.03804,1.03823,1.50,1.50
2011.12.07 17:17:47.065,1.03804,1.03826,1.50,1.50
2011.12.07 17:17:47.442,1.03803,1.03823,1.50,1.50
2011.12.07 17:17:47.937,1.03805,1.03825,1.50,3.00
2011.12.07 17:17:48.541,1.03801,1.03821,1.50,1.50
2011.12.07 17:17:48.883,1.03806,1.03827,1.50,1.50
2011.12.07 17:17:49.376,1.03808,1.0383,1.50,3.75
2011.12.07 17:17:51.552,1.03805,1.03827,1.50,1.50
2011.12.07 17:17:53.915,1.03808,1.0383,1.50,1.50
2011.12.07 17:17:54.258,1.03804,1.03825,1.50,1.50
2011.12.07 17:17:54.597,1.03807,1.03827,1.50,1.50
2011.12.07 17:17:55.704,1.03808,1.0383,1.50,1.50
2011.12.07 17:18:05.583,1.03808,1.0383,1.50,2.25
2011.12.07 17:18:05.826,1.03811,1.03832,1.50,2.93
2011.12.07 17:18:06.657,1.0381,1.0383,1.50,1.50
2011.12.07 17:18:06.994,1.03807,1.03827,1.50,2.25
2011.12.07 17:18:07.117,1.03804,1.03825,1.50,2.25
2011.12.07 17:18:08.234,1.03803,1.03825,1.50,2.25
2011.12.07 17:18:08.651,1.03803,1.03825,1.50,1.50
2011.12.07 17:18:08.763,1.03806,1.03826,1.50,1.50
2011.12.07 17:18:08.992,1.03806,1.03828,1.50,1.50
2011.12.07 17:18:09.976,1.03804,1.03824,1.50,2.25
2011.12.07 17:18:10.803,1.03804,1.03822,1.50,2.18
2011.12.07 17:18:11.404,1.03804,1.03824,1.50,1.50
2011.12.07 17:18:11.636,1.03805,1.03827,1.50,1.50
2011.12.07 17:18:12.823,1.03805,1.03827,1.50,2.25
2011.12.07 17:18:13.259,1.03803,1.03822,1.50,2.18
2011.12.07 17:18:16.233,1.03803,1.03825,1.50,1.50
2011.12.07 17:18:17.246,1.03804,1.03825,1.50,1.50
2011.12.07 17:18:17.364,1.03806,1.03828,1.50,1.50
2011.12.07 17:18:20.332,1.03806,1.03828,1.50,1.88
2011.12.07 17:18:20.457,1.03804,1.03814,1.50,1.50
2011.12.07 17:18:20.686,1.03794,1.03814,1.50,1.50
2011.12.07 17:18:20.805,1.03805,1.03822,1.50,2.18
2011.12.07 17:18:20.928,1.03805,1.03825,1.50,1.50
2011.12.07 17:18:34.715,1.03806,1.03827,1.50,1.50
2011.12.07 17:18:34.841,1.03808,1.0383,1.50,2.25
2011.12.07 17:18:35.069,1.03808,1.0383,1.50,1.50
2011.12.07 17:18:35.183,1.03808,1.03822,1.50,2.93
2011.12.07 17:18:35.413,1.038,1.03822,1.50,4.43
2011.12.07 17:18:36.063,1.038,1.03822,1.50,3.68
2011.12.07 17:18:36.294,1.03804,1.03822,1.50,3.68
2011.12.07 17:18:37.004,1.03803,1.03825,1.50,2.25
2011.12.07 17:18:39.801,1.03803,1.03825,1.50,1.50
2011.12.07 17:18:42.184,1.03801,1.03821,1.50,1.50
2011.12.07 17:18:48.396,1.03801,1.03821,1.50,2.25
2011.12.07 17:18:48.953,1.03805,1.03821,1.50,2.25
2011.12.07 17:18:49.083,1.03803,1.03825,1.50,1.50
2011.12.07 17:18:49.980,1.03805,1.03826,1.50,1.50
2011.12.07 17:18:50.362,1.03809,1.03831,1.50,2.25
2011.12.07 17:18:50.816,1.03806,1.03826,1.50,1.50
2011.12.07 17:18:51.044,1.03808,1.0383,1.50,2.25
2011.12.07 17:18:51.533,1.03806,1.03828,1.50,1.50
2011.12.07 17:18:53.126,1.03807,1.03828,1.50,1.50
2011.12.07 17:18:53.574,1.03808,1.0383,1.50,1.50
2011.12.07 17:18:54.383,1.03808,1.0383,1.50,2.25
2011.12.07 17:18:54.832,1.03808,1.0383,1.50,1.50
2011.12.07 17:18:55.372,1.03808,1.0383,1.50,2.25
2011.12.07 17:18:55.494,1.03801,1.03823,1.50,1.50
2011.12.07 17:18:58.206,1.03801,1.03822,1.50,2.93
2011.12.07 17:18:58.326,1.03799,1.03819,1.50,2.25
2011.12.07 17:18:58.886,1.03799,1.03813,1.50,1.50
2011.12.07 17:18:59.005,1.03791,1.03811,1.50,1.50
2011.12.07 17:19:00.863,1.03792,1.03811,1.50,1.50
2011.12.07 17:19:00.984,1.03796,1.03813,1.50,2.18
2011.12.07 17:19:01.105,1.03798,1.0382,1.50,2.25
2011.12.07 17:19:01.673,1.03798,1.0382,1.50,1.50
2011.12.07 17:19:04.130,1.03796,1.0381,1.50,1.50
2011.12.07 17:19:04.268,1.03792,1.03814,1.50,1.50
2011.12.07 17:19:04.388,1.03795,1.03814,1.50,1.50
2011.12.07 17:19:04.510,1.03797,1.03819,1.50,1.50
2011.12.07 17:19:07.761,1.03798,1.03819,2.18,1.50
2011.12.07 17:19:08.932,1.03797,1.03819,1.50,1.50
2011.12.07 17:19:10.464,1.03795,1.03815,1.50,1.50
2011.12.07 17:19:13.570,1.03795,1.03815,2.25,1.50
2011.12.07 17:19:13.906,1.03808,1.03822,1.50,1.50
2011.12.07 17:19:14.243,1.038,1.03822,1.50,1.50
2011.12.07 17:19:15.613,1.03804,1.03826,1.50,1.50
2011.12.07 17:19:15.953,1.03809,1.03829,1.50,1.50
2011.12.07 17:19:16.294,1.03812,1.03832,1.50,3.00
2011.12.07 17:19:16.634,1.03821,1.03841,1.50,2.25
2011.12.07 17:19:16.869,1.03807,1.03826,1.50,1.50
2011.12.07 17:19:17.312,1.03804,1.03825,1.50,1.50
2011.12.07 17:19:17.862,1.03803,1.03825,1.50,1.50
2011.12.07 17:19:18.378,1.03811,1.03833,1.50,1.50
2011.12.07 17:19:32.473,1.03809,1.03831,1.50,1.50
2011.12.07 17:19:40.463,1.03812,1.03832,1.50,1.50
2011.12.07 17:19:43.344,1.0381,1.0383,1.50,1.50
2011.12.07 17:19:43.839,1.03812,1.0383,1.50,1.50
2011.12.07 17:19:43.959,1.03814,1.03836,1.50,1.50
2011.12.07 17:19:45.004,1.03814,1.03836,1.50,2.25
2011.12.07 17:19:45.235,1.03812,1.03833,1.50,2.18
2011.12.07 17:19:45.794,1.03812,1.03834,1.50,1.50
2011.12.07 17:19:47.757,1.03811,1.03833,1.50,4.43
2011.12.07 17:19:48.765,1.0381,1.0383,1.50,1.50
2011.12.07 17:19:49.412,1.03808,1.03828,1.50,1.50
2011.12.07 17:19:49.534,1.03806,1.03828,1.50,1.50
2011.12.07 17:19:57.215,1.03806,1.03828,1.50,2.25
2011.12.07 17:19:57.898,1.03806,1.03828,1.50,2.25
2011.12.07 17:19:58.753,1.03805,1.03824,1.50,1.50
2011.12.07 17:19:59.096,1.03806,1.03826,1.50,1.50
2011.12.07 17:20:09.543,1.03804,1.03824,1.50,1.50
2011.12.07 17:20:10.773,1.03806,1.03826,1.50,1.50
2011.12.07 17:20:11.344,1.03809,1.03829,1.50,1.50
2011.12.07 17:20:13.248,1.03806,1.03828,1.50,1.50
2011.12.07 17:20:13.371,1.03808,1.03828,2.18,1.50
2011.12.07 17:20:13.814,1.03812,1.03832,1.50,1.50
2011.12.07 17:20:15.659,1.03809,1.03829,1.50,1.50
2011.12.07 17:20:15.993,1.03807,1.03827,1.50,1.50
2011.12.07 17:20:16.119,1.03803,1.03825,1.50,1.50
2011.12.07 17:20:16.458,1.03808,1.03828,1.50,2.25
2011.12.07 17:20:16.905,1.03801,1.03823,1.50,2.25
2011.12.07 17:20:17.529,1.038,1.03821,1.50,1.50
2011.12.07 17:20:17.865,1.03802,1.03822,1.50,1.50
2011.12.07 17:20:18.203,1.038,1.03819,1.50,1.50
2011.12.07 17:20:19.645,1.03801,1.03821,1.50,1.50
2011.12.07 17:20:19.763,1.03801,1.03823,1.50,4.43
2011.12.07 17:20:29.301,1.03805,1.03823,1.50,1.50
2011.12.07 17:20:29.421,1.03808,1.0383,1.50,1.50
2011.12.07 17:20:29.977,1.03808,1.0383,1.50,2.25
2011.12.07 17:20:33.838,1.03808,1.0383,1.50,2.25
2011.12.07 17:20:34.064,1.03806,1.03828,1.50,2.25
2011.12.07 17:20:39.796,1.03804,1.03824,1.50,1.50
2011.12.07 17:20:39.917,1.03808,1.0383,1.50,2.25
2011.12.07 17:20:40.504,1.03808,1.0383,1.50,1.50
2011.12.07 17:20:40.624,1.03807,1.03827,1.50,1.50
2011.12.07 17:20:42.763,1.03802,1.03824,1.50,1.50
2011.12.07 17:20:43.543,1.03805,1.03825,1.50,1.50
2011.12.07 17:20:44.443,1.03803,1.03823,1.50,1.50
2011.12.07 17:20:49.537,1.03804,1.03826,1.50,1.50
2011.12.07 17:20:49.878,1.03802,1.03824,1.50,1.50
2011.12.07 17:20:50.876,1.03803,1.03824,1.50,1.50
2011.12.07 17:20:51.227,1.03803,1.03822,1.50,2.18
2011.12.07 17:20:51.458,1.038,1.0382,1.50,1.50
2011.12.07 17:20:51.686,1.03801,1.03823,1.50,1.50
2011.12.07 17:21:01.424,1.03802,1.03823,1.50,1.50
2011.12.07 17:21:01.653,1.03805,1.03822,1.50,2.18
2011.12.07 17:21:01.882,1.03798,1.03818,1.50,1.50
2011.12.07 17:21:04.748,1.03795,1.03817,1.50,1.50
2011.12.07 17:21:05.210,1.03798,1.03818,1.50,1.50
2011.12.07 17:21:05.545,1.03801,1.03821,1.50,1.50
2011.12.07 17:21:07.477,1.03798,1.03818,1.50,2.25
2011.12.07 17:21:08.384,1.03801,1.03821,1.50,1.50
2011.12.07 17:21:09.233,1.03801,1.03821,1.50,2.25
2011.12.07 17:21:09.956,1.03801,1.03821,1.50,1.50
2011.12.07 17:21:10.074,1.03805,1.03825,1.50,2.25
2011.12.07 17:21:10.582,1.03805,1.03825,1.50,2.25
2011.12.07 17:21:19.854,1.03805,1.03825,1.50,1.50
2011.12.07 17:21:19.975,1.03805,1.03825,1.50,2.25
2011.12.07 17:21:20.418,1.03803,1.03823,1.50,2.25
2011.12.07 17:21:22.135,1.03799,1.03821,1.50,1.50
2011.12.07 17:21:22.369,1.03801,1.03823,1.50,2.25
2011.12.07 17:21:22.705,1.03809,1.03829,1.50,2.25
2011.12.07 17:21:25.157,1.03809,1.03826,1.50,2.10
2011.12.07 17:21:25.274,1.03803,1.03822,1.50,1.50
2011.12.07 17:21:25.393,1.03799,1.03819,1.50,1.50
2011.12.07 17:21:25.734,1.03802,1.03822,1.50,3.68
2011.12.07 17:21:30.687,1.038,1.0382,1.50,1.50
2011.12.07 17:21:31.137,1.03801,1.03823,1.50,2.25
2011.12.07 17:21:31.885,1.03802,1.0382,1.50,1.50
2011.12.07 17:21:32.005,1.03798,1.0382,1.50,3.00
2011.12.07 17:21:33.526,1.03805,1.03825,1.50,2.25
2011.12.07 17:21:34.083,1.03803,1.03823,1.50,1.50
2011.12.07 17:21:41.137,1.03809,1.03828,1.50,1.50
2011.12.07 17:21:41.480,1.03807,1.03826,2.18,2.25
2011.12.07 17:21:41.600,1.03808,1.0383,1.50,1.50
2011.12.07 17:21:42.129,1.03812,1.03832,1.50,1.50
2011.12.07 17:21:42.504,1.0381,1.0383,1.50,2.25
2011.12.07 17:21:42.735,1.03807,1.03828,3.68,1.50
2011.12.07 17:21:43.407,1.03806,1.03828,1.50,1.50
2011.12.07 17:21:44.117,1.03806,1.03828,1.50,2.25
2011.12.07 17:21:44.564,1.03806,1.03828,1.50,2.25
2011.12.07 17:21:44.824,1.03803,1.03825,1.50,1.50
2011.12.07 17:21:45.482,1.03803,1.03825,1.50,2.25
2011.12.07 17:21:45.927,1.03806,1.03826,1.50,2.25
2011.12.07 17:21:46.155,1.03809,1.03829,1.50,2.25
2011.12.07 17:21:46.712,1.03809,1.03829,1.50,1.50
2011.12.07 17:21:47.166,1.03807,1.03828,1.50,2.25
2011.12.07 17:21:47.827,1.03808,1.0383,1.50,2.25
2011.12.07 17:21:51.211,1.03808,1.0383,1.50,1.50
2011.12.07 17:21:53.692,1.03808,1.0383,3.68,2.25
2011.12.07 17:21:54.467,1.03808,1.03829,1.50,1.35
2011.12.07 17:21:54.591,1.03805,1.03826,1.50,1.50
2011.12.07 17:21:54.705,1.03803,1.03825,1.50,1.50
2011.12.07 17:21:55.925,1.03809,1.03829,1.50,1.50
2011.12.07 17:21:57.438,1.03806,1.03825,1.50,1.50
2011.12.07 17:21:57.672,1.03807,1.03829,1.50,2.25
2011.12.07 17:21:57.788,1.03805,1.03825,1.50,1.50
2011.12.07 17:21:58.122,1.03802,1.03822,1.50,1.50
2011.12.07 17:21:58.657,1.038,1.0382,3.00,1.50
2011.12.07 17:21:59.765,1.03802,1.03822,1.50,1.50
2011.12.07 17:22:13.483,1.03808,1.03822,2.18,1.50
2011.12.07 17:22:13.824,1.03802,1.03822,1.50,1.50
2011.12.07 17:22:13.952,1.03806,1.03828,1.50,1.50
2011.12.07 17:22:14.075,1.03811,1.03831,1.50,1.50
2011.12.07 17:22:14.487,1.03813,1.03833,1.50,1.50
2011.12.07 17:22:16.011,1.03812,1.03832,1.50,1.50
2011.12.07 17:22:16.124,1.03808,1.03829,2.18,1.50
2011.12.07 17:22:16.619,1.03805,1.03826,1.50,1.50
2011.12.07 17:22:17.074,1.03803,1.03823,1.50,1.50
2011.12.07 17:22:17.415,1.03805,1.03822,1.50,2.18
2011.12.07 17:22:17.644,1.03804,1.03824,1.50,1.50
2011.12.07 17:22:17.874,1.03806,1.03826,1.50,1.50
2011.12.07 17:22:18.213,1.03811,1.03831,1.50,1.50
2011.12.07 17:22:18.945,1.03809,1.03828,1.50,1.50
2011.12.07 17:22:19.512,1.03808,1.03828,1.50,1.50
2011.12.07 17:22:22.463,1.03809,1.03828,1.50,1.50
2011.12.07 17:22:22.588,1.0381,1.03832,1.50,3.68
2011.12.07 17:22:23.434,1.0381,1.0383,1.50,1.50
2011.12.07 17:22:23.558,1.03806,1.03828,1.50,1.50
2011.12.07 17:22:24.513,1.0381,1.0383,1.50,1.50
2011.12.07 17:22:25.295,1.0381,1.0383,1.50,2.25
2011.12.07 17:22:26.035,1.03804,1.03826,1.50,1.50
2011.12.07 17:22:26.704,1.03804,1.03822,1.50,2.18
2011.12.07 17:22:26.824,1.03804,1.03826,1.50,1.50
2011.12.07 17:22:27.055,1.03809,1.03824,1.50,1.50
2011.12.07 17:22:27.175,1.03811,1.03831,1.50,1.50
2011.12.07 17:22:28.353,1.03808,1.03828,1.50,1.50
2011.12.07 17:22:30.061,1.03811,1.03831,1.50,1.50
2011.12.07 17:22:31.073,1.03811,1.0383,1.50,1.50
2011.12.07 17:22:31.192,1.03807,1.03829,1.50,1.50
2011.12.07 17:22:45.064,1.0381,1.03832,1.50,1.50
2011.12.07 17:22:45.497,1.03807,1.03829,3.68,1.50
2011.12.07 17:22:45.945,1.03804,1.03824,1.50,1.50
2011.12.07 17:22:46.066,1.03799,1.03821,1.50,1.50
2011.12.07 17:22:47.474,1.03801,1.03823,1.50,1.50
2011.12.07 17:22:48.087,1.03801,1.03823,1.50,2.25
2011.12.07 17:22:48.424,1.03788,1.03799,1.50,1.50
2011.12.07 17:22:48.544,1.03779,1.03799,2.25,1.50
2011.12.07 17:22:49.029,1.03788,1.0381,1.50,1.50
2011.12.07 17:23:00.384,1.03786,1.03806,1.50,1.50
2011.12.07 17:23:08.042,1.03786,1.03802,1.50,2.18
2011.12.07 17:23:09.995,1.03783,1.03802,1.50,2.18
2011.12.07 17:23:10.602,1.03782,1.03802,1.50,2.18
2011.12.07 17:23:10.725,1.03778,1.03784,2.18,1.50
2011.12.07 17:23:10.843,1.03781,1.03803,1.50,4.80
2011.12.07 17:23:10.964,1.03765,1.03785,1.13,1.50
2011.12.07 17:23:11.354,1.03776,1.03796,1.50,1.50
2011.12.07 17:23:11.912,1.03777,1.03796,2.18,1.50
2011.12.07 17:23:12.141,1.03777,1.03799,3.68,1.50
2011.12.07 17:23:14.023,1.03777,1.03798,3.68,1.50
2011.12.07 17:23:14.143,1.03777,1.03796,2.18,1.50
2011.12.07 17:23:14.484,1.03774,1.03796,1.50,1.50
2011.12.07 17:23:15.719,1.03772,1.03794,1.50,1.50
2011.12.07 17:23:16.272,1.03772,1.03793,1.50,2.18
2011.12.07 17:23:16.713,1.03774,1.03793,1.50,2.18
2011.12.07 17:23:16.837,1.03776,1.03796,1.50,1.50
2011.12.07 17:23:16.960,1.03771,1.03791,1.50,1.50
2011.12.07 17:23:17.083,1.03777,1.03799,1.50,1.50
2011.12.07 17:23:17.209,1.03781,1.03801,1.50,1.50
2011.12.07 17:23:17.762,1.03778,1.03795,2.18,1.50
2011.12.07 17:23:18.092,1.03781,1.03801,1.50,1.50
2011.12.07 17:23:24.332,1.03781,1.03801,2.25,1.50
2011.12.07 17:23:24.455,1.03784,1.03803,1.50,1.50
2011.12.07 17:23:25.068,1.03784,1.03804,1.50,1.50
2011.12.07 17:23:30.162,1.03784,1.03802,1.50,2.18
2011.12.07 17:23:30.524,1.03778,1.038,3.68,1.50
2011.12.07 17:23:33.763,1.03778,1.03798,1.50,1.50
2011.12.07 17:23:33.883,1.03775,1.03797,1.50,1.50
2011.12.07 17:23:34.114,1.03777,1.03798,2.25,1.50
2011.12.07 17:23:34.708,1.03778,1.038,1.50,1.50
2011.12.07 17:23:35.203,1.0378,1.03802,1.50,1.50
2011.12.07 17:23:35.545,1.03778,1.03798,1.50,1.50
2011.12.07 17:23:35.886,1.03768,1.03788,2.83,1.50
2011.12.07 17:23:36.003,1.03768,1.03788,2.18,1.50
2011.12.07 17:23:36.123,1.03766,1.03788,1.50,1.50
2011.12.07 17:23:37.625,1.03766,1.03788,2.25,1.50
2011.12.07 17:23:38.308,1.03775,1.03792,1.50,2.18
2011.12.07 17:23:38.894,1.03772,1.03792,1.50,1.50
2011.12.07 17:23:40.105,1.0377,1.0379,3.00,1.50
2011.12.07 17:23:40.448,1.03768,1.03787,2.18,1.50
2011.12.07 17:23:41.017,1.0377,1.03792,1.50,1.50
2011.12.07 17:23:41.354,1.03768,1.03789,1.50,1.50
2011.12.07 17:23:41.583,1.0377,1.03792,1.50,3.68
2011.12.07 17:23:44.334,1.0377,1.03792,2.25,3.68
2011.12.07 17:23:48.797,1.0377,1.03792,1.50,1.50
2011.12.07 17:23:49.202,1.0377,1.03792,2.25,1.50
2011.12.07 17:23:49.343,1.0377,1.03792,1.50,1.50
2011.12.07 17:23:50.509,1.0377,1.03792,2.25,1.50
2011.12.07 17:23:50.733,1.03777,1.03792,1.50,1.50
2011.12.07 17:23:50.853,1.0378,1.03802,1.50,1.50
2011.12.07 17:24:03.824,1.03778,1.038,1.50,1.50
2011.12.07 17:24:05.364,1.03778,1.038,1.50,2.25
2011.12.07 17:24:05.595,1.03775,1.03797,1.50,1.50
2011.12.07 17:24:06.265,1.03778,1.038,3.68,1.50
2011.12.07 17:24:06.605,1.03781,1.03801,1.50,1.50
2011.12.07 17:24:10.182,1.03781,1.03801,1.50,2.25
2011.12.07 17:24:10.567,1.03778,1.038,1.50,2.25
2011.12.07 17:24:10.902,1.03781,1.03801,1.50,1.50
2011.12.07 17:24:11.465,1.03778,1.03798,3.68,1.50
2011.12.07 17:24:12.555,1.03777,1.03796,2.18,1.50
2011.12.07 17:24:13.224,1.03781,1.03799,1.50,1.50
2011.12.07 17:24:13.343,1.03781,1.03803,1.50,3.68
2011.12.07 17:24:19.285,1.03779,1.03801,1.50,1.50
2011.12.07 17:24:19.695,1.03781,1.03803,1.50,1.50
2011.12.07 17:24:20.044,1.03776,1.03796,1.50,1.50
2011.12.07 17:24:21.113,1.03778,1.03798,1.50,1.50
2011.12.07 17:24:21.804,1.03776,1.03796,1.50,1.50
2011.12.07 17:24:23.048,1.03775,1.03795,1.50,1.50
2011.12.07 17:24:23.385,1.03778,1.038,1.50,1.50
2011.12.07 17:24:23.502,1.03782,1.03802,1.50,1.50
2011.12.07 17:24:25.907,1.03785,1.03803,1.50,2.18
2011.12.07 17:24:27.050,1.03787,1.03805,2.18,1.50
2011.12.07 17:24:27.181,1.03788,1.03808,1.50,1.50
2011.12.07 17:24:27.645,1.03785,1.03807,1.50,1.50
2011.12.07 17:24:28.207,1.03788,1.03807,2.18,1.50
2011.12.07 17:24:28.765,1.03788,1.03809,2.18,1.50
2011.12.07 17:24:28.883,1.03788,1.03806,2.18,1.50
2011.12.07 17:24:29.116,1.03786,1.03806,1.50,1.50
2011.12.07 17:24:30.685,1.03782,1.03802,1.50,1.50
2011.12.07 17:24:31.477,1.03782,1.03802,2.63,1.50
2011.12.07 17:24:31.596,1.03793,1.03814,1.50,1.50
2011.12.07 17:24:31.716,1.03795,1.03816,1.50,1.50
2011.12.07 17:24:32.294,1.03795,1.03817,1.50,1.50
2011.12.07 17:24:36.273,1.03798,1.03818,1.50,1.50
2011.12.07 17:24:37.203,1.03794,1.03816,1.50,1.50
2011.12.07 17:24:37.549,1.03798,1.03818,1.50,1.50
2011.12.07 17:24:38.000,1.03794,1.03814,1.50,1.50
2011.12.07 17:24:38.334,1.03799,1.03819,1.50,1.50
2011.12.07 17:24:38.798,1.038,1.03822,1.50,1.50
2011.12.07 17:24:39.835,1.03802,1.03822,1.50,1.50
2011.12.07 17:24:39.953,1.03803,1.03825,1.50,1.50
2011.12.07 17:24:40.073,1.038,1.03822,1.50,1.50
2011.12.07 17:24:45.863,1.03804,1.03824,1.50,1.50
2011.12.07 17:24:46.652,1.038,1.03822,1.50,1.50
2011.12.07 17:24:47.695,1.03803,1.03825,1.50,1.50
2011.12.07 17:24:48.037,1.03798,1.03815,2.18,1.50
2011.12.07 17:24:48.154,1.03795,1.03815,1.50,1.50
2011.12.07 17:24:48.855,1.03797,1.03817,1.50,1.50
2011.12.07 17:24:48.973,1.03797,1.03819,1.50,1.50
2011.12.07 17:24:49.098,1.03795,1.03817,1.50,1.50
2011.12.07 17:24:49.436,1.03802,1.03822,1.50,1.50
2011.12.07 17:24:49.777,1.038,1.0382,1.50,1.50
2011.12.07 17:24:52.766,1.03797,1.03817,1.50,1.50
2011.12.07 17:24:56.949,1.038,1.0382,1.50,3.00
2011.12.07 17:24:57.282,1.03797,1.03817,1.50,1.50
2011.12.07 17:24:58.176,1.03794,1.03814,1.50,1.50
2011.12.07 17:24:59.347,1.03794,1.03813,1.50,2.18
2011.12.07 17:25:00.071,1.03794,1.03814,1.50,1.50
2011.12.07 17:25:01.407,1.03797,1.03816,1.50,1.50
2011.12.07 17:25:01.964,1.03797,1.03817,1.50,1.50
2011.12.07 17:25:05.187,1.03805,1.03825,1.50,1.50
2011.12.07 17:25:06.795,1.03808,1.0383,1.50,2.25
2011.12.07 17:25:07.133,1.03805,1.03827,1.50,1.50
2011.12.07 17:25:07.975,1.03806,1.03828,1.50,2.25
2011.12.07 17:25:08.436,1.03809,1.03829,1.50,2.25
2011.12.07 17:25:08.773,1.03807,1.03827,1.50,1.50
2011.12.07 17:25:10.244,1.03807,1.03822,1.50,1.50
2011.12.07 17:25:10.364,1.03798,1.0382,1.50,1.50
2011.12.07 17:25:11.345,1.03803,1.0382,1.50,1.50
2011.12.07 17:25:11.464,1.03804,1.03826,1.50,2.25
2011.12.07 17:25:13.301,1.03803,1.03819,1.50,1.50
2011.12.07 17:25:13.413,1.03799,1.03819,1.50,1.50
2011.12.07 17:25:15.060,1.03797,1.03817,3.00,1.50
2011.12.07 17:25:21.415,1.038,1.0382,1.50,1.50
2011.12.07 17:25:21.534,1.03801,1.03823,1.50,1.50
2011.12.07 17:25:23.473,1.03805,1.03824,1.50,1.50
2011.12.07 17:25:24.011,1.03805,1.03825,1.50,1.50
2011.12.07 17:25:24.645,1.038,1.0382,1.50,1.50
2011.12.07 17:25:25.914,1.03806,1.03822,1.50,1.50
2011.12.07 17:25:26.033,1.03806,1.03828,1.50,1.50
2011.12.07 17:25:26.264,1.03808,1.0383,1.50,3.00
2011.12.07 17:25:26.602,1.03815,1.03837,1.50,1.50
2011.12.07 17:25:28.864,1.03813,1.03835,1.50,1.50
2011.12.07 17:25:29.205,1.03807,1.03828,2.18,1.50
2011.12.07 17:25:29.543,1.03806,1.03826,1.50,1.50
2011.12.07 17:25:29.772,1.038,1.03822,1.50,1.50
2011.12.07 17:25:30.240,1.03803,1.03823,1.50,1.50
2011.12.07 17:25:30.846,1.03805,1.03825,1.50,3.00
2011.12.07 17:25:31.216,1.038,1.0382,1.50,1.50
2011.12.07 17:25:35.165,1.038,1.03819,1.50,1.50
2011.12.07 17:25:35.583,1.03798,1.03817,2.18,1.50
2011.12.07 17:25:37.692,1.03797,1.03817,1.50,1.50
2011.12.07 17:25:39.392,1.03798,1.03817,2.18,1.50
2011.12.07 17:25:42.804,1.038,1.03817,1.50,1.50
2011.12.07 17:25:42.922,1.03802,1.03822,1.50,2.18
2011.12.07 17:25:43.926,1.03805,1.03825,1.50,1.50
2011.12.07 17:25:44.564,1.03808,1.03828,1.50,1.50
2011.12.07 17:25:44.904,1.03807,1.03825,2.18,1.50
2011.12.07 17:25:45.387,1.03805,1.03825,1.50,1.50
2011.12.07 17:25:45.613,1.03807,1.03829,1.50,1.50
2011.12.07 17:25:50.858,1.03812,1.03832,1.50,1.50
2011.12.07 17:25:51.193,1.0381,1.0383,1.50,1.50
2011.12.07 17:25:56.278,1.03806,1.03826,1.50,1.50
2011.12.07 17:25:56.395,1.03803,1.03825,1.50,1.50
2011.12.07 17:25:56.929,1.03807,1.03825,2.18,1.50
2011.12.07 17:25:57.063,1.03804,1.03826,1.50,1.50
2011.12.07 17:25:57.300,1.03809,1.03829,1.50,1.50
2011.12.07 17:25:59.070,1.03807,1.03827,1.50,1.50
2011.12.07 17:25:59.185,1.03809,1.03829,1.50,1.50
2011.12.07 17:26:00.705,1.03815,1.03832,1.50,2.18
2011.12.07 17:26:00.932,1.03815,1.03837,1.50,1.50
2011.12.07 17:26:01.464,1.03813,1.03827,1.50,1.50
2011.12.07 17:26:01.586,1.03807,1.03827,2.18,1.50
2011.12.07 17:26:01.704,1.03814,1.03836,1.50,1.50
2011.12.07 17:26:02.109,1.03814,1.03833,1.50,2.18
2011.12.07 17:26:02.230,1.03807,1.03829,3.68,1.50
2011.12.07 17:26:02.347,1.0381,1.0383,1.50,1.50
2011.12.07 17:26:02.716,1.0381,1.03832,1.50,1.50
2011.12.07 17:26:03.308,1.03813,1.03832,1.50,1.50
2011.12.07 17:26:03.428,1.03815,1.03835,1.50,1.50
2011.12.07 17:26:04.021,1.03814,1.03836,1.50,1.50
2011.12.07 17:26:06.902,1.03814,1.03833,1.50,1.50
2011.12.07 17:26:07.027,1.03811,1.03831,1.50,1.50
2011.12.07 17:26:08.956,1.03813,1.03832,1.50,2.18
2011.12.07 17:26:09.333,1.03813,1.03835,1.50,1.50
2011.12.07 17:26:12.485,1.03818,1.03837,1.50,1.50
2011.12.07 17:26:13.043,1.03818,1.03838,1.50,1.50
2011.12.07 17:26:18.267,1.0382,1.0384,1.50,1.50
2011.12.07 17:26:18.711,1.03824,1.03844,1.50,1.50
2011.12.07 17:26:19.547,1.03823,1.03845,1.50,1.50
2011.12.07 17:26:19.890,1.03822,1.03841,1.50,1.50
2011.12.07 17:26:20.275,1.03819,1.03841,1.50,1.50
2011.12.07 17:26:20.519,1.03818,1.03833,1.50,2.18
2011.12.07 17:26:20.855,1.03817,1.03839,1.50,1.50
2011.12.07 17:26:27.784,1.03821,1.03841,1.50,1.50
2011.12.07 17:26:28.206,1.03825,1.03845,1.50,1.50
2011.12.07 17:26:28.762,1.03823,1.03842,1.50,1.50
2011.12.07 17:26:29.269,1.03822,1.03842,1.50,3.00
2011.12.07 17:26:29.602,1.0382,1.0384,1.50,1.50
2011.12.07 17:26:30.723,1.0382,1.0384,1.50,2.25
2011.12.07 17:26:30.843,1.0382,1.0384,1.50,1.50
2011.12.07 17:26:34.374,1.03818,1.03837,1.50,1.50
2011.12.07 17:26:35.049,1.03817,1.03837,1.50,1.50
2011.12.07 17:26:39.086,1.03819,1.03841,1.50,1.50
2011.12.07 17:26:39.638,1.03819,1.03841,1.50,2.25
2011.12.07 17:26:39.866,1.03815,1.03837,1.50,1.50
2011.12.07 17:26:39.984,1.03813,1.03835,1.50,1.50
2011.12.07 17:26:41.027,1.03808,1.03828,1.50,1.50
2011.12.07 17:26:51.794,1.03814,1.03836,1.50,1.50
2011.12.07 17:26:52.932,1.03818,1.03836,2.18,1.50
2011.12.07 17:26:53.053,1.03818,1.0384,3.68,1.50
2011.12.07 17:26:53.594,1.03818,1.03837,2.18,1.50
2011.12.07 17:26:54.430,1.03817,1.03837,1.50,1.50
2011.12.07 17:26:58.332,1.03813,1.03835,1.50,1.50
2011.12.07 17:26:58.942,1.03813,1.03835,1.50,2.25
2011.12.07 17:27:00.717,1.03813,1.03835,1.50,2.25
2011.12.07 17:27:03.221,1.03816,1.03836,1.50,3.75
2011.12.07 17:27:03.559,1.03809,1.03829,1.50,1.50
2011.12.07 17:27:04.078,1.03812,1.03832,1.50,1.50
2011.12.07 17:27:04.203,1.03817,1.03839,1.50,2.25
2011.12.07 17:27:05.606,1.03817,1.03839,1.50,1.50
2011.12.07 17:27:05.834,1.03821,1.0384,1.50,1.50
2011.12.07 17:27:06.177,1.03824,1.03842,1.50,2.18
2011.12.07 17:27:06.405,1.03828,1.0385,1.50,1.50
2011.12.07 17:27:06.788,1.03827,1.03844,2.18,1.50
2011.12.07 17:27:06.912,1.03822,1.03844,1.50,1.50
2011.12.07 17:27:07.505,1.03825,1.03845,1.50,1.50
2011.12.07 17:27:08.256,1.0383,1.0385,1.50,1.50
2011.12.07 17:27:08.924,1.03831,1.03852,1.50,2.18
2011.12.07 17:27:10.021,1.03831,1.03853,1.50,1.50
2011.12.07 17:27:10.134,1.03835,1.03855,1.50,2.25
2011.12.07 17:27:10.473,1.03837,1.03859,1.50,2.25
2011.12.07 17:27:11.034,1.03834,1.03854,1.50,1.50
2011.12.07 17:27:12.631,1.03834,1.03852,1.50,2.18
2011.12.07 17:27:12.755,1.03828,1.03848,3.68,1.50
2011.12.07 17:27:14.955,1.03832,1.03852,1.50,3.68
2011.12.07 17:27:17.712,1.03832,1.03845,1.50,1.50
2011.12.07 17:27:17.834,1.03829,1.03843,1.50,2.18
2011.12.07 17:27:17.957,1.03818,1.03838,2.25,1.50
2011.12.07 17:27:18.078,1.03825,1.03845,1.50,1.50
2011.12.07 17:27:18.305,1.03828,1.03848,1.50,1.50
2011.12.07 17:27:20.057,1.03833,1.03848,1.50,1.50
2011.12.07 17:27:20.173,1.03835,1.03853,1.50,2.18
2011.12.07 17:27:20.294,1.03832,1.03849,1.50,1.50
2011.12.07 17:27:20.415,1.03835,1.03853,1.50,2.18
2011.12.07 17:27:20.532,1.03832,1.03849,1.50,1.50
2011.12.07 17:27:20.766,1.03828,1.03848,1.50,1.50
2011.12.07 17:27:20.996,1.03835,1.03853,1.50,2.18
2011.12.07 17:27:21.113,1.03828,1.03848,1.50,2.25
2011.12.07 17:27:21.347,1.03839,1.03853,1.50,2.93
2011.12.07 17:27:21.466,1.03835,1.03853,1.50,2.93
2011.12.07 17:27:21.898,1.03829,1.03849,1.50,2.25
2011.12.07 17:27:22.128,1.03829,1.03849,1.50,2.25
2011.12.07 17:27:22.467,1.03819,1.03839,1.50,1.50
2011.12.07 17:27:23.136,1.03825,1.03845,1.50,2.25
2011.12.07 17:27:23.255,1.03818,1.03838,1.50,1.50
2011.12.07 17:27:24.394,1.03823,1.03838,1.50,1.50
2011.12.07 17:27:24.514,1.03825,1.03843,1.50,2.93
2011.12.07 17:27:24.633,1.03818,1.03838,1.50,1.50
2011.12.07 17:27:24.865,1.0383,1.03843,1.50,2.93
2011.12.07 17:27:25.100,1.03826,1.03843,1.50,2.93
2011.12.07 17:27:25.220,1.03826,1.03841,1.50,1.50
2011.12.07 17:27:25.826,1.03817,1.03839,4.43,1.50
2011.12.07 17:27:26.264,1.03821,1.03841,1.50,1.50
2011.12.07 17:27:28.483,1.03822,1.03841,1.50,1.50
2011.12.07 17:27:28.609,1.03826,1.03846,1.50,1.50
2011.12.07 17:27:28.725,1.03828,1.03848,1.50,2.25
2011.12.07 17:27:28.954,1.03824,1.03846,1.50,1.50
2011.12.07 17:27:29.295,1.03827,1.03849,1.50,1.50
2011.12.07 17:27:33.190,1.03825,1.03846,2.25,1.50
2011.12.07 17:27:33.524,1.03829,1.03849,1.50,1.50
2011.12.07 17:27:33.645,1.03827,1.03847,1.50,1.50
2011.12.07 17:27:34.097,1.03828,1.0385,3.68,3.00
2011.12.07 17:27:34.697,1.03831,1.03852,1.50,2.18
2011.12.07 17:27:35.326,1.03831,1.03853,1.50,1.50
2011.12.07 17:27:35.669,1.03829,1.03851,1.50,1.50
2011.12.07 17:27:36.015,1.03838,1.03853,2.18,1.50
2011.12.07 17:27:36.481,1.03839,1.03861,1.50,1.50
2011.12.07 17:27:37.714,1.03839,1.03861,1.50,2.25
2011.12.07 17:27:38.436,1.03837,1.03857,1.50,1.50
2011.12.07 17:27:38.909,1.03834,1.03854,1.50,1.50
2011.12.07 17:27:39.137,1.0383,1.03852,1.50,3.68
2011.12.07 17:27:39.809,1.03828,1.03848,1.50,1.50
2011.12.07 17:27:45.243,1.03831,1.03852,1.50,2.18
2011.12.07 17:27:45.823,1.03837,1.03857,2.18,2.25
2011.12.07 17:27:45.954,1.03835,1.03857,1.50,1.50
2011.12.07 17:27:46.284,1.03834,1.03853,1.50,2.18
2011.12.07 17:27:48.956,1.0383,1.03852,1.50,1.50
2011.12.07 17:27:49.464,1.03833,1.03853,1.50,2.93
2011.12.07 17:27:50.177,1.0383,1.03852,1.50,1.50
2011.12.07 17:27:50.297,1.03827,1.03849,3.68,1.50
2011.12.07 17:27:50.748,1.03825,1.03847,1.50,1.50
2011.12.07 17:27:51.296,1.03828,1.0385,3.68,1.50
2011.12.07 17:27:51.735,1.0383,1.0385,1.50,1.50
2011.12.07 17:27:52.570,1.03831,1.03853,1.50,1.50
2011.12.07 17:27:52.793,1.03836,1.03856,1.50,1.50
2011.12.07 17:27:53.392,1.03835,1.0385,1.50,1.50
2011.12.07 17:27:53.506,1.03827,1.03847,1.50,1.50
2011.12.07 17:27:53.737,1.03829,1.03849,1.50,1.50
2011.12.07 17:27:54.184,1.03833,1.03853,1.50,1.50
2011.12.07 17:27:54.635,1.0383,1.0385,1.50,1.50
2011.12.07 17:27:58.835,1.0383,1.03849,1.50,1.50
2011.12.07 17:27:58.954,1.03827,1.03847,1.50,1.50
2011.12.07 17:27:59.400,1.03829,1.03851,1.50,1.50
2011.12.07 17:28:00.674,1.03831,1.03853,1.50,1.50
2011.12.07 17:28:01.333,1.03831,1.03852,1.50,2.18
2011.12.07 17:28:01.922,1.03831,1.03853,1.50,1.50
2011.12.07 17:28:02.560,1.03836,1.03858,1.50,2.25
2011.12.07 17:28:04.635,1.03831,1.03851,1.50,1.50
2011.12.07 17:28:06.000,1.03826,1.03848,1.50,1.50
2011.12.07 17:28:06.226,1.0383,1.0385,1.50,1.50
2011.12.07 17:28:08.376,1.03832,1.03852,1.50,5.18
2011.12.07 17:28:10.448,1.0383,1.03848,1.50,1.50
2011.12.07 17:28:10.569,1.03826,1.03848,1.50,1.50
2011.12.07 17:28:10.799,1.03824,1.0384,1.50,1.50
2011.12.07 17:28:10.918,1.03818,1.0384,3.68,1.50
2011.12.07 17:28:11.258,1.03816,1.03837,1.50,1.50
2011.12.07 17:28:11.793,1.03815,1.03837,1.50,1.50
2011.12.07 17:28:21.196,1.03816,1.03837,1.50,1.50
2011.12.07 17:28:21.756,1.03818,1.0384,1.50,1.50
2011.12.07 17:28:21.873,1.0382,1.0384,1.50,1.50
2011.12.07 17:28:22.611,1.03822,1.03842,1.50,1.50
2011.12.07 17:28:28.521,1.03827,1.03842,2.18,1.50
2011.12.07 17:28:28.856,1.03822,1.03842,1.50,1.50
2011.12.07 17:28:29.083,1.03825,1.03845,1.50,1.50
2011.12.07 17:28:29.205,1.0382,1.03842,1.50,1.50
2011.12.07 17:28:34.284,1.03818,1.03838,1.50,1.50
2011.12.07 17:28:34.849,1.03821,1.03841,1.50,1.50
2011.12.07 17:28:35.457,1.03824,1.03841,1.50,1.50
2011.12.07 17:28:35.575,1.03828,1.03847,2.18,1.50
2011.12.07 17:28:37.506,1.03822,1.03844,1.50,1.50
2011.12.07 17:28:37.957,1.03827,1.03844,2.18,1.50
2011.12.07 17:28:38.713,1.03827,1.03843,2.18,1.50
2011.12.07 17:28:39.691,1.03832,1.03852,1.50,1.50
2011.12.07 17:28:40.561,1.0383,1.0385,3.00,1.50
2011.12.07 17:28:40.898,1.03827,1.03848,2.18,1.50
2011.12.07 17:28:46.223,1.03827,1.0384,2.18,1.50
2011.12.07 17:28:46.345,1.03818,1.0384,1.50,1.50
2011.12.07 17:28:53.220,1.03831,1.03853,1.50,5.18
2011.12.07 17:28:53.748,1.03823,1.03843,1.50,1.50
2011.12.07 17:28:54.081,1.03825,1.03845,1.50,1.50
2011.12.07 17:28:54.529,1.03828,1.03848,1.50,1.50
2011.12.07 17:28:54.647,1.03825,1.03847,1.50,1.50
2011.12.07 17:28:54.879,1.03828,1.03847,2.18,1.50
2011.12.07 17:28:55.362,1.03825,1.03847,1.50,1.50
2011.12.07 17:28:56.153,1.03825,1.03847,1.50,3.75
2011.12.07 17:28:56.275,1.03819,1.03839,1.50,2.25
2011.12.07 17:28:56.510,1.03815,1.03835,1.50,1.50
2011.12.07 17:28:56.743,1.03815,1.03828,1.50,1.50
2011.12.07 17:28:57.247,1.03807,1.03825,2.93,1.50
2011.12.07 17:28:57.375,1.03807,1.03828,2.18,1.50
2011.12.07 17:28:57.608,1.03809,1.03829,1.50,1.50
2011.12.07 17:28:58.059,1.03818,1.03829,2.18,1.50
2011.12.07 17:28:58.176,1.03818,1.03831,2.18,1.50
2011.12.07 17:28:58.409,1.03818,1.03833,2.18,1.50
2011.12.07 17:28:58.848,1.03813,1.03833,1.50,1.50
2011.12.07 17:28:58.961,1.03816,1.03838,1.50,1.50
2011.12.07 17:28:59.185,1.03819,1.03839,1.50,1.50
2011.12.07 17:28:59.309,1.03815,1.03837,1.50,1.50
2011.12.07 17:28:59.425,1.03815,1.03837,1.50,2.25
2011.12.07 17:28:59.775,1.03815,1.03837,1.50,2.25
2011.12.07 17:29:00.009,1.03811,1.03833,2.25,1.50
2011.12.07 17:29:00.130,1.03815,1.03835,1.50,1.50
2011.12.07 17:29:00.671,1.03818,1.03835,2.18,1.50
2011.12.07 17:29:01.010,1.03815,1.03835,1.50,1.50
2011.12.07 17:29:01.676,1.03817,1.03835,2.18,1.50
2011.12.07 17:29:02.433,1.03814,1.03834,1.50,2.25
2011.12.07 17:29:02.555,1.03818,1.03834,2.18,1.50
2011.12.07 17:29:02.897,1.03808,1.03828,2.18,1.50
2011.12.07 17:29:03.455,1.03807,1.03824,2.18,1.50
2011.12.07 17:29:04.193,1.03807,1.03826,2.18,1.50
2011.12.07 17:29:04.330,1.03811,1.03828,1.50,1.50
2011.12.07 17:29:04.446,1.03811,1.03833,1.50,1.50
2011.12.07 17:29:09.673,1.0381,1.0383,1.50,1.50
2011.12.07 17:29:10.012,1.03806,1.03826,1.50,1.50
2011.12.07 17:29:10.557,1.03807,1.03826,2.18,1.50
2011.12.07 17:29:11.009,1.03803,1.03825,1.50,1.50
2011.12.07 17:29:11.717,1.03801,1.03821,3.00,1.50
2011.12.07 17:29:14.336,1.03801,1.03821,2.25,1.50
2011.12.07 17:29:15.040,1.03801,1.03823,1.50,3.00
2011.12.07 17:29:15.995,1.03806,1.03828,1.50,1.50
2011.12.07 17:29:18.467,1.03804,1.03824,1.50,1.50
2011.12.07 17:29:19.475,1.03802,1.03822,1.50,1.50
2011.12.07 17:29:19.793,1.038,1.03822,1.50,1.50
2011.12.07 17:29:20.871,1.038,1.03822,2.25,1.50
2011.12.07 17:29:23.293,1.038,1.03822,1.50,1.50
2011.12.07 17:29:27.163,1.038,1.03822,2.25,1.50
2011.12.07 17:29:27.701,1.03804,1.03824,1.50,1.50
2011.12.07 17:29:28.516,1.03805,1.03827,2.25,1.50
2011.12.07 17:29:28.854,1.03803,1.0382,1.50,1.50
2011.12.07 17:29:29.084,1.03798,1.0382,1.50,1.50
2011.12.07 17:29:29.774,1.038,1.0382,1.50,1.50
2011.12.07 17:29:30.143,1.03802,1.03822,1.50,1.50
2011.12.07 17:29:30.254,1.03795,1.03817,2.25,1.50
2011.12.07 17:29:30.368,1.03795,1.03817,2.25,1.50
2011.12.07 17:29:30.595,1.03795,1.03817,2.25,1.50
2011.12.07 17:29:31.046,1.03801,1.03821,1.50,1.50
2011.12.07 17:29:32.658,1.03801,1.03821,2.25,1.50
2011.12.07 17:29:32.782,1.03806,1.03826,1.50,1.50
2011.12.07 17:29:32.907,1.03808,1.0383,3.68,1.50
2011.12.07 17:29:34.165,1.03806,1.03828,1.50,1.50
2011.12.07 17:29:39.394,1.03797,1.03819,4.43,1.50
2011.12.07 17:29:39.510,1.03797,1.03819,4.43,1.50
2011.12.07 17:29:40.128,1.03797,1.03817,1.50,1.50
2011.12.07 17:29:40.241,1.03794,1.03816,1.50,1.50
2011.12.07 17:29:40.487,1.03794,1.03816,2.25,1.50
2011.12.07 17:29:42.899,1.03794,1.03816,1.50,1.50
2011.12.07 17:29:43.716,1.03797,1.03816,1.50,1.50
2011.12.07 17:29:43.837,1.03799,1.03819,1.50,1.50
2011.12.07 17:29:46.383,1.038,1.03819,1.50,1.50
2011.12.07 17:29:46.503,1.03801,1.03823,1.50,1.50
2011.12.07 17:29:47.158,1.03801,1.03823,2.25,1.50
2011.12.07 17:29:47.983,1.03801,1.03823,1.50,1.50
2011.12.07 17:29:48.479,1.03799,1.03821,1.50,1.50
2011.12.07 17:29:49.244,1.03797,1.03817,1.50,1.50
2011.12.07 17:29:50.434,1.03797,1.03817,2.25,1.50
2011.12.07 17:29:50.556,1.03805,1.03827,1.50,1.50
2011.12.07 17:29:52.555,1.03798,1.03819,2.18,1.50
2011.12.07 17:29:52.678,1.03808,1.0383,1.50,1.50
2011.12.07 17:29:52.795,1.03806,1.03828,1.50,1.50
2011.12.07 17:29:53.282,1.03804,1.03824,1.50,1.50
2011.12.07 17:29:53.846,1.03806,1.03826,1.50,1.50
2011.12.07 17:29:54.076,1.03804,1.03825,1.50,1.50
2011.12.07 17:29:54.304,1.03794,1.03814,1.50,1.50
2011.12.07 17:29:54.429,1.03803,1.03825,1.50,1.50
2011.12.07 17:29:56.202,1.03804,1.03826,1.50,1.50
2011.12.07 17:29:56.424,1.03803,1.03823,1.50,1.50
2011.12.07 17:29:58.623,1.038,1.0382,1.50,1.50
2011.12.07 17:29:59.397,1.03803,1.03823,1.50,1.50
2011.12.07 17:29:59.958,1.03802,1.03822,1.50,1.50
2011.12.07 17:30:00.897,1.03803,1.03822,1.50,1.50
2011.12.07 17:30:01.018,1.03799,1.03819,1.50,1.50
2011.12.07 17:30:01.139,1.03808,1.03819,2.18,1.50
2011.12.07 17:30:01.261,1.03799,1.03819,1.50,1.50
2011.12.07 17:30:01.819,1.03801,1.03823,1.50,1.50
2011.12.07 17:30:02.045,1.03799,1.03821,1.50,1.50
2011.12.07 17:30:02.558,1.03799,1.03819,1.50,1.50
2011.12.07 17:30:02.675,1.03799,1.03821,1.50,1.50
2011.12.07 17:30:02.787,1.03798,1.03818,2.18,1.50
2011.12.07 17:30:02.904,1.03798,1.0382,3.68,1.50
2011.12.07 17:30:03.538,1.03796,1.03818,1.50,1.50
2011.12.07 17:30:04.482,1.03798,1.0382,1.50,1.50
2011.12.07 17:30:04.819,1.03806,1.03828,1.50,1.50
2011.12.07 17:30:07.104,1.03808,1.03828,2.18,1.50
2011.12.07 17:30:07.334,1.03806,1.03828,1.50,1.50
2011.12.07 17:30:08.276,1.03806,1.03826,1.50,1.50
2011.12.07 17:30:08.613,1.03804,1.03824,1.50,1.50
2011.12.07 17:30:09.639,1.03804,1.03824,1.50,2.25
2011.12.07 17:30:09.871,1.03805,1.03825,1.50,1.50
2011.12.07 17:30:10.276,1.038,1.03822,1.50,1.50
2011.12.07 17:30:10.397,1.03805,1.03823,1.50,1.50
2011.12.07 17:30:10.514,1.03805,1.03827,1.50,1.50
2011.12.07 17:30:10.743,1.03801,1.03823,1.50,1.50
2011.12.07 17:30:11.196,1.03806,1.03823,1.50,1.50
2011.12.07 17:30:11.318,1.03808,1.0383,1.50,1.50
2011.12.07 17:30:11.438,1.03817,1.03837,1.50,1.50
2011.12.07 17:30:12.257,1.03814,1.03831,1.50,1.50
2011.12.07 17:30:12.378,1.03809,1.03831,1.50,1.50
2011.12.07 17:30:12.496,1.03809,1.03827,1.50,1.50
2011.12.07 17:30:12.617,1.03804,1.03824,1.50,1.50
2011.12.07 17:30:15.435,1.03813,1.03833,1.50,2.25
2011.12.07 17:30:15.558,1.03813,1.03833,1.50,1.50
2011.12.07 17:30:16.795,1.03813,1.03832,1.50,1.50
2011.12.07 17:30:16.918,1.03809,1.0383,1.50,1.50
2011.12.07 17:30:17.288,1.03806,1.03828,1.50,1.50
2011.12.07 17:30:25.447,1.03798,1.03818,2.78,1.50
2011.12.07 17:30:25.676,1.03796,1.03818,1.50,1.50
2011.12.07 17:30:25.905,1.03798,1.03818,2.18,1.50
2011.12.07 17:30:26.139,1.038,1.03822,1.50,1.50
2011.12.07 17:30:26.259,1.038,1.0382,1.50,1.50
2011.12.07 17:30:26.595,1.03807,1.03827,1.50,1.50
2011.12.07 17:30:26.946,1.03798,1.03817,2.18,1.50
2011.12.07 17:30:27.288,1.03802,1.03816,1.50,1.50
2011.12.07 17:30:27.720,1.03805,1.03825,1.50,1.50
2011.12.07 17:30:27.839,1.03795,1.03817,1.50,1.50
2011.12.07 17:30:27.954,1.03797,1.03819,1.50,3.00
2011.12.07 17:30:32.184,1.03795,1.03817,1.50,1.50
2011.12.07 17:30:32.634,1.03798,1.03818,1.50,1.50
2011.12.07 17:30:32.976,1.03796,1.03816,1.50,1.50
2011.12.07 17:30:34.727,1.03792,1.03814,1.50,1.50
2011.12.07 17:30:34.844,1.03788,1.03807,2.18,1.50
2011.12.07 17:30:35.076,1.03786,1.03806,1.50,1.50
2011.12.07 17:30:35.654,1.03792,1.03809,1.50,1.50
2011.12.07 17:30:35.775,1.03792,1.03814,1.50,1.50
2011.12.07 17:30:36.533,1.03792,1.03814,1.50,2.25
2011.12.07 17:30:37.138,1.03792,1.03814,1.50,1.50
2011.12.07 17:30:41.832,1.03792,1.03814,1.50,2.25
2011.12.07 17:30:42.416,1.03796,1.03816,1.50,2.25
2011.12.07 17:30:42.543,1.03787,1.03806,2.18,1.50
2011.12.07 17:30:43.432,1.0379,1.03809,1.50,1.50
2011.12.07 17:30:43.555,1.0379,1.03812,1.50,1.50
2011.12.07 17:30:47.094,1.03794,1.03813,1.50,1.50
2011.12.07 17:30:47.866,1.03794,1.03814,1.50,1.50
2011.12.07 17:30:48.206,1.03784,1.03804,1.50,1.50
2011.12.07 17:30:49.061,1.03784,1.03804,2.25,1.50
2011.12.07 17:30:49.187,1.03792,1.03814,1.50,1.50
2011.12.07 17:30:51.100,1.03792,1.03812,1.50,1.50
2011.12.07 17:30:51.508,1.03789,1.03811,1.50,1.50
2011.12.07 17:30:51.626,1.03787,1.03809,1.50,1.50
2011.12.07 17:30:52.190,1.03792,1.03814,1.50,1.50
2011.12.07 17:30:52.747,1.03796,1.03818,1.50,2.25
2011.12.07 17:30:54.270,1.03794,1.03813,1.50,1.50
2011.12.07 17:30:54.842,1.03793,1.03813,1.50,1.50
2011.12.07 17:30:55.444,1.03794,1.03815,1.50,2.25
2011.12.07 17:30:55.787,1.03794,1.03816,1.50,1.50
2011.12.07 17:30:56.289,1.03798,1.03818,1.50,1.50
2011.12.07 17:30:56.624,1.03786,1.03807,1.13,1.50
2011.12.07 17:30:56.744,1.03791,1.03807,1.50,1.50
2011.12.07 17:30:56.865,1.03799,1.03819,1.50,2.25
2011.12.07 17:30:56.986,1.03797,1.03817,1.50,1.50
2011.12.07 17:30:59.052,1.03799,1.03819,1.50,2.25
2011.12.07 17:31:00.305,1.03794,1.03816,1.50,1.50
2011.12.07 17:31:01.440,1.03793,1.03813,1.50,1.50
2011.12.07 17:31:03.022,1.0379,1.0381,1.50,1.50
2011.12.07 17:31:04.404,1.03791,1.03813,1.50,1.50
2011.12.07 17:31:06.154,1.03789,1.03811,3.00,1.50
2011.12.07 17:31:12.048,1.03792,1.03812,1.50,3.00
2011.12.07 17:31:12.628,1.03792,1.03814,1.50,1.50
2011.12.07 17:31:16.964,1.03794,1.03814,1.50,1.50
2011.12.07 17:31:17.309,1.03792,1.03812,1.50,1.50
2011.12.07 17:31:17.647,1.03795,1.03815,1.50,1.50
2011.12.07 17:31:20.105,1.03797,1.03815,1.50,1.50
2011.12.07 17:31:20.226,1.03799,1.03821,1.50,1.50
2011.12.07 17:31:21.723,1.03799,1.03821,2.25,1.50
2011.12.07 17:31:22.411,1.03799,1.03821,1.50,1.50
2011.12.07 17:31:24.686,1.03795,1.03817,2.25,1.50
2011.12.07 17:31:25.334,1.03795,1.03817,1.50,1.50
2011.12.07 17:31:27.083,1.03795,1.03816,1.50,1.50
2011.12.07 17:31:27.205,1.03792,1.03814,1.50,1.50
2011.12.07 17:31:31.485,1.03796,1.03816,1.50,1.50
2011.12.07 17:31:39.878,1.03794,1.03813,1.50,1.50
2011.12.07 17:31:40.921,1.03793,1.03813,1.50,1.50
2011.12.07 17:31:42.684,1.03798,1.03815,1.50,1.50
2011.12.07 17:31:43.084,1.03803,1.03823,1.50,1.50
2011.12.07 17:31:43.209,1.03806,1.03826,1.50,1.50
2011.12.07 17:31:43.433,1.03803,1.03825,1.50,1.50
2011.12.07 17:31:44.805,1.03807,1.03829,1.50,2.25
2011.12.07 17:31:46.495,1.03813,1.03835,1.50,1.50
2011.12.07 17:31:48.227,1.03813,1.03835,1.50,2.25
2011.12.07 17:31:48.564,1.03809,1.03829,1.50,1.50
2011.12.07 17:31:49.505,1.03808,1.0383,1.50,1.50
2011.12.07 17:31:50.526,1.03806,1.03828,1.50,1.50
2011.12.07 17:31:53.406,1.03805,1.03822,1.50,1.50
2011.12.07 17:31:53.529,1.03802,1.03822,1.50,1.50
2011.12.07 17:31:53.755,1.03808,1.03828,1.50,2.25
2011.12.07 17:32:01.389,1.03802,1.03817,1.50,1.50
2011.12.07 17:32:01.504,1.03797,1.03817,1.50,1.50
2011.12.07 17:32:02.260,1.03804,1.03819,1.50,1.50
2011.12.07 17:32:02.378,1.03804,1.03826,1.50,1.50
2011.12.07 17:32:05.578,1.03803,1.03823,1.50,1.50
2011.12.07 17:32:06.134,1.038,1.0382,1.50,1.50
2011.12.07 17:32:09.074,1.03802,1.03822,1.50,1.50
2011.12.07 17:32:09.678,1.03805,1.03825,1.50,1.50
2011.12.07 17:32:13.641,1.03802,1.03822,1.50,1.50
2011.12.07 17:32:14.014,1.038,1.03821,1.50,1.50
2011.12.07 17:32:14.135,1.03803,1.03823,1.50,1.50
2011.12.07 17:32:17.207,1.03803,1.03823,1.50,1.88
2011.12.07 17:32:17.328,1.03797,1.03819,1.50,1.50
2011.12.07 17:32:19.798,1.03797,1.03818,1.50,1.50
2011.12.07 17:32:19.924,1.03796,1.03816,1.50,1.50
2011.12.07 17:32:22.463,1.03799,1.03816,1.50,1.50
2011.12.07 17:32:22.595,1.03801,1.03821,1.50,1.50
2011.12.07 17:32:23.576,1.03807,1.03829,1.50,2.25
2011.12.07 17:32:24.245,1.03807,1.03827,1.50,1.50
2011.12.07 17:32:24.586,1.03805,1.03825,1.50,1.50
2011.12.07 17:32:24.923,1.03808,1.03828,1.50,1.50
2011.12.07 17:32:33.733,1.03808,1.03821,1.50,1.50
2011.12.07 17:32:33.853,1.03798,1.03818,1.50,1.50
2011.12.07 17:32:33.974,1.03803,1.03821,1.50,1.50
2011.12.07 17:32:34.094,1.03803,1.03825,1.50,2.25
2011.12.07 17:32:34.213,1.03803,1.03825,1.50,1.50
2011.12.07 17:32:37.720,1.03806,1.03825,1.50,1.50
2011.12.07 17:32:37.838,1.03808,1.03828,1.50,1.50
2011.12.07 17:32:38.398,1.03803,1.03825,1.50,1.50
2011.12.07 17:32:39.206,1.038,1.0382,1.50,1.50
2011.12.07 17:32:39.674,1.03802,1.03824,1.50,1.50
2011.12.07 17:32:46.632,1.03805,1.03824,1.50,1.50
2011.12.07 17:32:46.747,1.03807,1.03829,1.50,1.50
2011.12.07 17:32:46.864,1.03802,1.03824,1.50,1.50
2011.12.07 17:32:47.206,1.03808,1.03828,1.50,1.50
2011.12.07 17:32:48.109,1.03804,1.03826,1.50,1.50
2011.12.07 17:32:49.387,1.03804,1.03826,1.50,2.25
2011.12.07 17:32:49.754,1.03808,1.03828,1.50,2.25
2011.12.07 17:32:50.320,1.03803,1.03825,1.50,1.50
2011.12.07 17:32:51.214,1.038,1.03822,1.50,1.50
2011.12.07 17:32:51.555,1.03798,1.03818,1.50,1.50
2011.12.07 17:32:52.663,1.038,1.03822,1.50,1.50
2011.12.07 17:32:54.650,1.03804,1.03823,1.50,1.50
2011.12.07 17:32:55.235,1.03806,1.03826,1.50,3.00
2011.12.07 17:32:55.724,1.03804,1.03824,1.50,1.50
2011.12.07 17:32:59.202,1.03802,1.03822,1.50,1.50
2011.12.07 17:32:59.436,1.038,1.03822,1.50,1.50
2011.12.07 17:32:59.554,1.03799,1.03818,1.50,1.50
2011.12.07 17:32:59.677,1.03796,1.03818,2.25,1.50
2011.12.07 17:32:59.797,1.03805,1.03825,1.50,1.50
2011.12.07 17:33:01.533,1.03807,1.03829,1.50,2.25
2011.12.07 17:33:02.092,1.03807,1.03829,1.50,1.50
2011.12.07 17:33:07.532,1.03807,1.03829,1.50,2.25
2011.12.07 17:33:08.012,1.03807,1.03829,1.50,2.25
2011.12.07 17:33:16.194,1.03807,1.03829,1.50,2.25
2011.12.07 17:33:16.315,1.03796,1.03818,1.50,1.50
2011.12.07 17:33:16.434,1.03801,1.03818,1.50,1.50
2011.12.07 17:33:16.553,1.03802,1.03824,1.50,1.50
2011.12.07 17:33:19.620,1.03804,1.03825,1.50,1.50
2011.12.07 17:33:20.174,1.03804,1.03826,1.50,1.50
2011.12.07 17:33:20.513,1.038,1.03822,1.50,1.50
2011.12.07 17:33:21.769,1.03798,1.03818,1.50,3.00
2011.12.07 17:33:21.893,1.03795,1.03817,1.50,1.50
2011.12.07 17:33:22.237,1.03805,1.03822,1.50,1.50
2011.12.07 17:33:22.354,1.03798,1.0382,1.50,1.50
2011.12.07 17:33:24.004,1.03796,1.03818,3.00,1.50
2011.12.07 17:33:24.620,1.03799,1.03819,1.50,3.00
2011.12.07 17:33:24.745,1.03796,1.03818,1.50,1.50
2011.12.07 17:33:27.505,1.03798,1.0382,1.50,1.50
2011.12.07 17:33:28.067,1.03796,1.03816,1.50,1.50
2011.12.07 17:33:28.585,1.03798,1.03818,1.50,1.50
2011.12.07 17:33:31.095,1.03796,1.03815,1.50,1.50
2011.12.07 17:33:31.213,1.03797,1.03817,1.50,1.50
2011.12.07 17:33:31.446,1.03793,1.03815,1.50,1.50
2011.12.07 17:33:34.674,1.03796,1.03818,1.50,1.50
2011.12.07 17:33:36.205,1.03803,1.03819,1.50,1.50
2011.12.07 17:33:36.326,1.03803,1.03823,1.50,1.50
2011.12.07 17:33:38.274,1.038,1.0382,1.50,1.50
2011.12.07 17:33:41.816,1.038,1.0382,1.50,2.25
2011.12.07 17:33:41.934,1.038,1.0382,1.50,1.50
2011.12.07 17:33:42.473,1.038,1.0382,1.50,2.25
2011.12.07 17:33:47.875,1.038,1.0382,1.50,1.50
2011.12.07 17:33:50.530,1.03796,1.03818,1.50,1.50
2011.12.07 17:33:53.224,1.038,1.0382,1.50,1.50
2011.12.07 17:33:54.194,1.03798,1.03816,1.50,1.50
2011.12.07 17:33:54.317,1.03796,1.03816,1.50,1.50
2011.12.07 17:33:56.924,1.03798,1.03818,1.50,1.50
2011.12.07 17:33:57.509,1.03791,1.03811,1.50,1.50
2011.12.07 17:33:58.965,1.03794,1.03814,1.50,1.50
2011.12.07 17:34:03.756,1.03791,1.03811,1.50,1.50
2011.12.07 17:34:04.595,1.03794,1.03814,1.50,1.50
2011.12.07 17:34:05.405,1.03792,1.03812,1.50,1.50
2011.12.07 17:34:05.523,1.0379,1.03812,1.50,1.50
2011.12.07 17:34:06.957,1.03794,1.03814,1.50,1.50
2011.12.07 17:34:07.936,1.0379,1.0381,1.50,1.50
2011.12.07 17:34:16.663,1.03785,1.03807,1.50,1.50
2011.12.07 17:34:24.245,1.03795,1.03815,1.50,1.35
2011.12.07 17:34:24.477,1.03795,1.03817,1.50,1.50
2011.12.07 17:34:25.248,1.03793,1.03813,1.50,1.50
2011.12.07 17:34:25.696,1.03795,1.03817,1.50,1.50
2011.12.07 17:34:26.967,1.03795,1.03816,1.50,1.50
2011.12.07 17:34:27.085,1.03792,1.03814,1.50,1.50
2011.12.07 17:34:27.513,1.03792,1.03812,1.50,1.50
2011.12.07 17:34:27.826,1.0379,1.0381,1.50,1.50
2011.12.07 17:34:28.164,1.03792,1.03812,1.50,1.50
2011.12.07 17:34:28.615,1.03795,1.03815,1.50,1.50
2011.12.07 17:34:32.175,1.03792,1.03811,1.50,1.50
2011.12.07 17:34:32.298,1.03789,1.03811,1.50,1.50
2011.12.07 17:34:33.286,1.03787,1.03807,3.00,1.50
2011.12.07 17:34:33.407,1.03796,1.03818,1.50,1.50
2011.12.07 17:34:36.400,1.03794,1.03814,1.50,1.50
2011.12.07 17:34:36.868,1.03792,1.03811,1.50,1.50
2011.12.07 17:34:36.994,1.03788,1.03809,1.50,1.50
2011.12.07 17:34:37.449,1.03794,1.03814,1.50,1.50
2011.12.07 17:34:39.414,1.03791,1.03811,1.50,1.50
2011.12.07 17:34:50.079,1.03788,1.03808,1.50,1.50
2011.12.07 17:34:50.417,1.03794,1.03814,1.50,3.00
2011.12.07 17:35:01.934,1.03791,1.03811,1.50,1.50
2011.12.07 17:35:02.275,1.03774,1.03796,2.15,1.50
2011.12.07 17:35:02.626,1.03784,1.03806,1.50,1.50
2011.12.07 17:35:02.749,1.03774,1.03796,3.00,1.50
2011.12.07 17:35:03.362,1.03782,1.03804,1.50,1.50
2011.12.07 17:35:03.588,1.03773,1.03795,2.25,1.50
2011.12.07 17:35:03.928,1.03786,1.03806,1.50,1.50
2011.12.07 17:35:04.050,1.03781,1.03803,2.25,1.50
2011.12.07 17:35:04.169,1.03785,1.03807,1.50,1.50
2011.12.07 17:35:04.504,1.03788,1.03808,1.50,1.50
2011.12.07 17:35:05.825,1.03791,1.03811,1.50,1.50
2011.12.07 17:35:10.094,1.03788,1.03808,3.00,1.50
2011.12.07 17:35:12.638,1.03795,1.03817,1.50,1.50
2011.12.07 17:35:12.867,1.03797,1.03819,1.50,1.50
2011.12.07 17:35:13.394,1.03794,1.03816,1.50,3.00
2011.12.07 17:35:13.688,1.03797,1.03816,1.50,1.50
2011.12.07 17:35:14.286,1.03797,1.03817,1.50,1.50
2011.12.07 17:35:20.964,1.03794,1.03815,1.50,1.50
2011.12.07 17:35:21.467,1.03793,1.03815,1.50,1.50
2011.12.07 17:35:22.023,1.03796,1.03817,1.50,1.50
2011.12.07 17:35:22.566,1.03796,1.03818,1.50,1.50
2011.12.07 17:35:23.864,1.03798,1.0382,1.50,1.50
2011.12.07 17:35:26.583,1.03806,1.03826,1.50,1.50
2011.12.07 17:35:28.624,1.03806,1.03826,1.50,2.25
2011.12.07 17:35:29.186,1.03806,1.03826,1.50,1.50
2011.12.07 17:35:29.546,1.03804,1.03824,1.50,1.50
2011.12.07 17:35:29.776,1.03805,1.03827,1.50,1.50
2011.12.07 17:35:32.697,1.03805,1.03827,1.50,2.25
2011.12.07 17:35:33.146,1.03805,1.03827,1.50,1.50
2011.12.07 17:35:35.310,1.03805,1.03825,1.50,1.35
2011.12.07 17:35:35.404,1.03799,1.03819,1.50,1.50
2011.12.07 17:35:35.656,1.03797,1.03817,1.50,1.50
2011.12.07 17:35:36.654,1.03794,1.03812,1.50,1.50
2011.12.07 17:35:36.776,1.0379,1.03812,1.50,1.50
2011.12.07 17:35:37.489,1.0379,1.03811,1.50,1.50
2011.12.07 17:35:37.606,1.03788,1.03808,1.50,1.50
2011.12.07 17:35:38.246,1.03791,1.03811,1.50,3.00
2011.12.07 17:35:45.207,1.03788,1.03808,1.50,1.50
2011.12.07 17:35:50.678,1.0379,1.0381,2.25,1.50
2011.12.07 17:35:50.908,1.03794,1.03814,1.50,1.50
2011.12.07 17:35:51.936,1.03798,1.03818,1.50,2.25
2011.12.07 17:35:52.534,1.03796,1.03816,1.50,1.50
2011.12.07 17:35:54.569,1.03797,1.03819,1.50,1.50
2011.12.07 17:36:04.072,1.03797,1.03819,1.50,2.25
2011.12.07 17:36:05.172,1.03797,1.03819,1.50,1.50
2011.12.07 17:36:08.174,1.03796,1.03816,1.50,1.50
2011.12.07 17:36:10.005,1.03798,1.03818,1.50,1.50
2011.12.07 17:36:10.127,1.03801,1.03823,1.50,1.50
2011.12.07 17:36:13.418,1.03805,1.03825,1.50,1.50
2011.12.07 17:36:13.834,1.03803,1.03823,1.50,1.50
2011.12.07 17:36:14.854,1.03799,1.03819,1.50,1.50
2011.12.07 17:36:15.195,1.03797,1.03818,1.50,2.25
2011.12.07 17:36:15.429,1.03795,1.03814,1.50,1.50
2011.12.07 17:36:15.767,1.03798,1.03818,1.50,1.50
2011.12.07 17:36:18.700,1.03796,1.03816,1.50,1.50
2011.12.07 17:36:22.079,1.03802,1.03822,1.50,1.50
2011.12.07 17:36:22.929,1.038,1.0382,1.50,1.50
2011.12.07 17:36:46.734,1.03802,1.03822,1.50,1.50
2011.12.07 17:36:46.964,1.03804,1.03826,1.50,1.50
2011.12.07 17:36:47.647,1.03803,1.03823,3.00,1.50
2011.12.07 17:36:49.096,1.03807,1.03827,1.50,1.50
2011.12.07 17:36:49.543,1.03803,1.03823,1.50,1.50
2011.12.07 17:36:49.885,1.03805,1.03825,1.50,1.50
2011.12.07 17:36:51.025,1.038,1.03822,1.50,1.50
2011.12.07 17:36:53.824,1.03809,1.03829,1.50,2.25
2011.12.07 17:36:54.344,1.03809,1.03829,1.50,1.50
2011.12.07 17:36:54.796,1.03801,1.03821,1.50,1.50
2011.12.07 17:36:55.851,1.03799,1.03821,1.50,1.50
2011.12.07 17:36:56.230,1.03801,1.03823,1.50,2.25
2011.12.07 17:36:56.787,1.03795,1.03817,1.50,1.50
2011.12.07 17:36:57.163,1.03798,1.03818,1.50,1.50
2011.12.07 17:36:57.696,1.03797,1.03819,1.50,1.50
2011.12.07 17:36:58.188,1.038,1.0382,1.50,1.50
2011.12.07 17:36:58.525,1.03796,1.03816,1.50,1.50
2011.12.07 17:36:59.548,1.03798,1.0382,1.50,1.50
2011.12.07 17:37:00.955,1.03792,1.03812,1.50,1.50
2011.12.07 17:37:02.637,1.03793,1.03812,1.50,1.50
2011.12.07 17:37:02.757,1.03794,1.03816,1.50,1.50
2011.12.07 17:37:05.035,1.03797,1.03819,1.50,1.50
2011.12.07 17:37:06.420,1.03796,1.03816,1.50,1.50
2011.12.07 17:37:07.159,1.03798,1.03818,1.50,1.50
2011.12.07 17:37:07.631,1.038,1.03822,1.50,1.50
2011.12.07 17:37:08.578,1.03797,1.03817,1.50,1.50
2011.12.07 17:37:13.944,1.03804,1.03824,1.50,1.50
2011.12.07 17:37:22.328,1.03801,1.03817,1.50,1.50
2011.12.07 17:37:22.449,1.03795,1.03817,1.50,1.50
2011.12.07 17:37:28.328,1.03792,1.03814,1.50,1.50
2011.12.07 17:37:30.064,1.03795,1.03815,1.50,1.50
2011.12.07 17:37:32.494,1.03797,1.03819,1.50,1.50
2011.12.07 17:37:32.835,1.03794,1.03816,1.50,1.50
2011.12.07 17:37:36.980,1.03798,1.03818,1.50,1.50
2011.12.07 17:37:37.415,1.038,1.03822,1.50,1.50
2011.12.07 17:37:41.709,1.03796,1.03816,1.50,1.50
2011.12.07 17:37:42.846,1.03791,1.03813,1.50,1.50
2011.12.07 17:37:42.968,1.03786,1.03806,2.15,1.50
2011.12.07 17:37:43.198,1.03789,1.03811,1.50,1.50
2011.12.07 17:37:45.326,1.03792,1.03812,1.50,3.00
2011.12.07 17:37:46.089,1.0378,1.03799,1.50,1.50
2011.12.07 17:37:46.204,1.03779,1.03799,3.65,1.50
