2010.09.17 09:00:00.605,0.96755,0.96785,1.00,1.00
2010.09.17 09:00:02.406,0.96755,0.96785,1.00,1.00
2010.09.17 09:00:02.683,0.96755,0.96785,2.00,1.00
2010.09.17 09:00:03.769,0.96765,0.9679,2.00,1.00
2010.09.17 09:00:05.011,0.9677,0.968,1.00,1.00
2010.09.17 09:00:05.268,0.9677,0.968,1.00,1.00
2010.09.17 09:00:06.288,0.9677,0.96805,2.00,1.00
2010.09.17 09:00:07.810,0.9677,0.96805,2.00,1.00
2010.09.17 09:00:08.432,0.9677,0.96805,2.00,1.00
2010.09.17 09:00:09.437,0.96775,0.96805,1.00,1.00
2010.09.17 09:00:10.238,0.9677,0.968,2.00,1.00
2010.09.17 09:00:11.790,0.9677,0.96805,2.00,1.00
2010.09.17 09:00:11.986,0.9677,0.968,2.00,1.00
2010.09.17 09:00:12.178,0.9677,0.968,1.00,2.90
2010.09.17 09:00:13.030,0.96765,0.96795,1.60,1.00
2010.09.17 09:00:13.177,0.9676,0.96795,4.40,1.00
2010.09.17 09:00:13.327,0.9676,0.96795,2.00,1.00
2010.09.17 09:00:13.477,0.9676,0.96795,1.00,3.70
2010.09.17 09:00:13.627,0.9676,0.96795,1.00,3.60
2010.09.17 09:00:14.145,0.9676,0.96795,1.00,2.00
2010.09.17 09:00:14.491,0.9676,0.96795,1.00,1.00
2010.09.17 09:00:15.598,0.9676,0.96795,1.00,1.00
2010.09.17 09:00:17.533,0.9676,0.9679,1.00,1.00
2010.09.17 09:00:20.773,0.9676,0.9678,1.00,2.40
2010.09.17 09:00:21.077,0.9675,0.96785,8.10,1.00
2010.09.17 09:00:21.239,0.9675,0.96785,7.30,1.00
2010.09.17 09:00:21.399,0.9675,0.96785,1.70,1.00
2010.09.17 09:00:22.053,0.9675,0.96785,4.10,1.00
2010.09.17 09:00:22.208,0.96765,0.96795,1.00,1.00
2010.09.17 09:00:22.537,0.96755,0.96795,3.90,1.00
2010.09.17 09:00:22.866,0.96755,0.9679,3.90,1.00
2010.09.17 09:00:24.285,0.9676,0.9679,1.00,1.00
2010.09.17 09:00:28.187,0.9676,0.96795,1.00,1.00
2010.09.17 09:00:28.437,0.9676,0.96795,7.80,1.00
2010.09.17 09:00:28.937,0.96765,0.96795,1.00,1.00
2010.09.17 09:00:30.041,0.96765,0.96795,1.00,1.00
2010.09.17 09:00:33.883,0.96765,0.9679,1.00,2.90
2010.09.17 09:00:34.160,0.9675,0.96785,3.60,1.00
2010.09.17 09:00:34.939,0.9675,0.96785,1.00,1.00
2010.09.17 09:00:35.558,0.9675,0.9679,1.00,6.20
2010.09.17 09:00:36.201,0.9675,0.9678,1.00,1.00
2010.09.17 09:00:36.437,0.9675,0.9678,1.00,1.00
2010.09.17 09:00:36.946,0.9676,0.9678,1.60,1.00
2010.09.17 09:00:37.185,0.9676,0.9679,1.00,1.00
2010.09.17 09:00:37.397,0.96755,0.9679,1.00,1.00
2010.09.17 09:00:37.829,0.96755,0.9679,1.00,1.00
2010.09.17 09:00:38.838,0.9676,0.9679,1.00,1.00
2010.09.17 09:00:40.281,0.96765,0.96795,1.00,3.30
2010.09.17 09:00:40.538,0.96765,0.96795,1.00,1.00
2010.09.17 09:00:42.245,0.96765,0.96795,1.00,1.00
2010.09.17 09:00:43.669,0.96765,0.96795,1.00,1.00
2010.09.17 09:00:44.008,0.96755,0.9679,1.00,1.00
2010.09.17 09:00:44.900,0.96765,0.96795,1.00,1.00
2010.09.17 09:00:45.628,0.96765,0.9679,1.00,1.00
2010.09.17 09:00:46.531,0.9676,0.96795,1.00,1.60
2010.09.17 09:00:46.868,0.96765,0.968,3.60,1.00
2010.09.17 09:00:47.758,0.96785,0.96805,1.60,1.00
2010.09.17 09:00:49.066,0.9678,0.968,1.60,2.40
2010.09.17 09:00:49.381,0.96785,0.96805,1.60,1.00
2010.09.17 09:00:49.700,0.9679,0.9681,1.60,3.00
2010.09.17 09:00:50.520,0.9678,0.96805,3.20,1.00
2010.09.17 09:00:50.818,0.96775,0.96805,3.20,2.10
2010.09.17 09:00:51.117,0.96775,0.968,3.20,1.00
2010.09.17 09:00:52.418,0.96775,0.968,3.20,1.00
2010.09.17 09:00:53.292,0.96775,0.96795,3.20,1.00
2010.09.17 09:00:53.978,0.96775,0.968,3.20,1.00
2010.09.17 09:00:54.159,0.96785,0.96805,3.20,1.00
2010.09.17 09:00:55.357,0.9677,0.96805,6.00,1.00
2010.09.17 09:00:55.538,0.9677,0.96805,1.70,1.00
2010.09.17 09:00:55.850,0.96765,0.968,3.80,1.00
2010.09.17 09:00:56.846,0.9677,0.96805,1.00,1.70
2010.09.17 09:00:57.468,0.9677,0.968,1.00,1.00
2010.09.17 09:01:02.740,0.96765,0.96795,1.00,1.00
2010.09.17 09:01:02.879,0.9676,0.96795,4.40,1.00
2010.09.17 09:01:03.018,0.9676,0.96795,1.60,1.00
2010.09.17 09:01:03.667,0.96755,0.96795,1.00,3.20
2010.09.17 09:01:04.347,0.96755,0.9679,2.20,1.00
2010.09.17 09:01:04.687,0.96755,0.96795,3.80,1.00
2010.09.17 09:01:04.897,0.96755,0.96795,3.80,1.70
2010.09.17 09:01:05.626,0.96755,0.96795,2.20,3.30
2010.09.17 09:01:05.866,0.96755,0.9679,2.20,1.00
2010.09.17 09:01:11.882,0.9676,0.96795,1.00,3.30
2010.09.17 09:01:12.448,0.96755,0.9679,2.20,1.00
2010.09.17 09:01:13.520,0.96765,0.968,1.00,1.60
2010.09.17 09:01:13.856,0.96765,0.968,1.00,1.00
2010.09.17 09:01:14.197,0.96765,0.968,3.70,1.00
2010.09.17 09:01:15.009,0.96765,0.968,3.80,1.00
2010.09.17 09:01:15.597,0.96765,0.96795,3.60,1.00
2010.09.17 09:01:15.898,0.96765,0.968,1.00,2.90
2010.09.17 09:01:16.444,0.9676,0.968,5.60,2.90
2010.09.17 09:01:16.699,0.96755,0.96795,4.20,1.00
2010.09.17 09:01:17.626,0.9676,0.96795,1.00,1.00
2010.09.17 09:01:17.980,0.9676,0.96795,1.00,1.00
2010.09.17 09:01:18.638,0.96755,0.96795,4.20,1.00
2010.09.17 09:01:20.470,0.9676,0.9679,1.00,1.00
2010.09.17 09:01:27.056,0.9676,0.96795,4.00,1.00
2010.09.17 09:01:27.226,0.9676,0.96795,7.70,1.00
2010.09.17 09:01:28.425,0.96765,0.96795,1.00,1.00
2010.09.17 09:01:31.001,0.9677,0.96805,1.00,5.30
2010.09.17 09:01:31.232,0.96775,0.96805,2.00,1.00
2010.09.17 09:01:31.779,0.96775,0.9681,2.00,1.70
2010.09.17 09:01:32.092,0.9678,0.9681,1.00,1.00
2010.09.17 09:01:33.527,0.9678,0.9681,1.00,1.00
2010.09.17 09:01:34.457,0.9678,0.9681,1.00,1.00
2010.09.17 09:01:35.203,0.9678,0.96805,1.00,1.00
2010.09.17 09:01:35.291,0.9678,0.9681,1.00,1.00
2010.09.17 09:01:36.032,0.9678,0.9681,1.00,1.00
2010.09.17 09:01:37.520,0.9678,0.96815,1.00,1.00
2010.09.17 09:01:38.398,0.9678,0.9681,1.00,1.00
2010.09.17 09:01:38.738,0.9678,0.96815,1.00,1.00
2010.09.17 09:01:40.666,0.9678,0.9681,1.00,1.00
2010.09.17 09:01:51.354,0.96775,0.9681,5.40,1.00
2010.09.17 09:01:51.463,0.96775,0.9681,3.80,1.00
2010.09.17 09:01:52.348,0.96775,0.9681,1.00,1.00
2010.09.17 09:01:59.838,0.9677,0.9681,3.70,1.00
2010.09.17 09:02:00.148,0.9677,0.96805,1.00,1.00
2010.09.17 09:02:00.647,0.9677,0.9681,1.00,6.20
2010.09.17 09:02:01.168,0.9677,0.96805,1.00,1.00
2010.09.17 09:02:06.258,0.9677,0.96805,2.90,1.00
2010.09.17 09:02:06.544,0.96775,0.9681,1.00,1.00
2010.09.17 09:02:07.330,0.9678,0.9681,1.00,1.00
2010.09.17 09:02:09.936,0.9678,0.96815,1.60,3.20
2010.09.17 09:02:10.592,0.96785,0.96815,1.00,3.20
2010.09.17 09:02:10.679,0.96785,0.96815,1.00,1.00
2010.09.17 09:02:11.571,0.96785,0.96815,1.00,1.00
2010.09.17 09:02:17.931,0.96795,0.96825,1.00,1.00
2010.09.17 09:02:19.396,0.9679,0.96825,6.00,3.80
2010.09.17 09:02:19.509,0.9679,0.9682,6.00,1.00
2010.09.17 09:02:19.628,0.9679,0.9682,2.80,1.00
2010.09.17 09:02:19.748,0.9679,0.96825,1.00,3.70
2010.09.17 09:02:20.262,0.9679,0.96825,2.00,3.70
2010.09.17 09:02:20.379,0.9679,0.9682,1.00,1.70
2010.09.17 09:02:21.397,0.96785,0.9682,1.00,1.70
2010.09.17 09:02:21.931,0.96785,0.9682,1.00,1.70
2010.09.17 09:02:23.863,0.96785,0.96815,1.00,1.70
2010.09.17 09:02:24.155,0.9678,0.96815,4.50,1.00
2010.09.17 09:02:24.418,0.9678,0.96815,1.00,3.30
2010.09.17 09:02:24.679,0.9678,0.96815,1.00,3.30
2010.09.17 09:02:25.449,0.9678,0.96815,1.00,3.30
2010.09.17 09:02:26.797,0.96785,0.96815,1.00,3.20
2010.09.17 09:02:27.418,0.96785,0.9682,1.00,2.20
2010.09.17 09:02:27.652,0.9678,0.96815,1.00,3.30
2010.09.17 09:02:28.467,0.9678,0.96815,1.00,3.30
2010.09.17 09:02:28.687,0.9678,0.96815,4.40,3.20
2010.09.17 09:02:28.797,0.9679,0.96815,1.00,1.00
2010.09.17 09:02:31.905,0.9679,0.96815,1.00,3.20
2010.09.17 09:02:32.128,0.9678,0.96815,1.00,3.20
2010.09.17 09:02:32.297,0.9678,0.96815,1.00,3.20
2010.09.17 09:02:33.662,0.9678,0.9681,1.00,1.00
2010.09.17 09:02:36.462,0.9678,0.96815,1.00,3.20
2010.09.17 09:02:36.577,0.96785,0.96815,1.00,3.20
2010.09.17 09:02:36.697,0.96785,0.9682,1.00,3.80
2010.09.17 09:02:37.630,0.96785,0.96815,1.00,1.60
2010.09.17 09:02:37.960,0.9678,0.96815,1.00,1.00
2010.09.17 09:02:38.288,0.9678,0.96815,4.00,2.10
2010.09.17 09:02:38.617,0.9678,0.96815,4.40,2.10
2010.09.17 09:02:39.536,0.9678,0.96815,4.50,2.10
2010.09.17 09:02:40.408,0.96775,0.9681,1.00,1.00
2010.09.17 09:02:41.088,0.9679,0.9681,1.60,1.00
2010.09.17 09:02:41.823,0.9679,0.9682,4.40,1.60
2010.09.17 09:02:42.061,0.9679,0.9682,4.40,1.00
2010.09.17 09:02:42.531,0.9679,0.9682,4.40,1.00
2010.09.17 09:02:43.107,0.9679,0.96815,4.40,1.00
2010.09.17 09:02:43.329,0.96785,0.96815,2.80,1.60
2010.09.17 09:02:43.987,0.9679,0.9682,1.60,3.80
2010.09.17 09:02:44.218,0.9679,0.9682,2.00,1.00
2010.09.17 09:02:44.439,0.96795,0.9682,1.00,1.00
2010.09.17 09:02:46.237,0.9679,0.9682,2.00,1.00
2010.09.17 09:02:46.386,0.9679,0.9682,1.00,3.00
2010.09.17 09:02:46.538,0.96795,0.96825,2.00,1.00
2010.09.17 09:02:47.812,0.96795,0.9682,1.00,1.00
2010.09.17 09:02:49.523,0.96795,0.96825,1.00,1.00
2010.09.17 09:02:50.398,0.96795,0.96825,1.00,1.00
2010.09.17 09:02:50.836,0.96795,0.96825,2.00,1.00
2010.09.17 09:02:50.992,0.968,0.96825,1.00,1.00
2010.09.17 09:02:51.968,0.968,0.9683,1.00,1.70
2010.09.17 09:02:52.476,0.968,0.96825,1.00,1.00
2010.09.17 09:02:55.587,0.968,0.9683,1.00,1.70
2010.09.17 09:02:56.170,0.968,0.96825,1.00,1.00
2010.09.17 09:03:03.706,0.96795,0.96825,2.00,1.00
2010.09.17 09:03:04.368,0.9679,0.96825,2.80,1.00
2010.09.17 09:03:04.713,0.9679,0.96825,1.00,1.00
2010.09.17 09:03:05.860,0.9679,0.96825,1.00,1.00
2010.09.17 09:03:19.787,0.96785,0.9682,6.10,1.00
2010.09.17 09:03:20.466,0.96785,0.9682,4.40,1.00
2010.09.17 09:03:20.772,0.9679,0.9682,1.00,1.00
2010.09.17 09:03:21.895,0.96785,0.96815,2.00,1.00
2010.09.17 09:03:22.198,0.9679,0.9682,1.00,1.00
2010.09.17 09:03:23.608,0.9679,0.96825,1.00,1.00
2010.09.17 09:03:24.800,0.9679,0.9682,1.00,1.00
2010.09.17 09:03:25.762,0.96785,0.9682,1.00,1.00
2010.09.17 09:03:27.250,0.96785,0.96815,1.00,1.00
2010.09.17 09:03:27.527,0.96785,0.96815,1.00,1.00
2010.09.17 09:03:28.578,0.9678,0.96815,1.00,1.00
2010.09.17 09:03:28.879,0.9678,0.96815,1.00,1.60
2010.09.17 09:03:29.404,0.9678,0.96815,1.00,1.00
2010.09.17 09:03:29.737,0.9678,0.96815,1.00,1.00
2010.09.17 09:03:31.069,0.9678,0.96815,1.00,1.00
2010.09.17 09:03:31.426,0.96775,0.9681,1.00,1.60
2010.09.17 09:03:31.618,0.9677,0.96805,7.60,1.00
2010.09.17 09:03:31.819,0.96775,0.96805,1.00,1.00
2010.09.17 09:03:32.479,0.96775,0.9681,1.00,1.00
2010.09.17 09:03:32.746,0.96775,0.9681,2.60,1.00
2010.09.17 09:03:33.976,0.9678,0.9681,1.00,1.00
2010.09.17 09:03:36.677,0.96775,0.96805,2.50,1.00
2010.09.17 09:03:38.610,0.96775,0.9681,2.40,1.00
2010.09.17 09:03:39.334,0.96775,0.96805,1.00,1.00
2010.09.17 09:03:40.020,0.96775,0.9681,1.00,3.70
2010.09.17 09:03:42.179,0.96775,0.96805,1.00,1.00
2010.09.17 09:03:45.212,0.96775,0.96805,1.00,1.00
2010.09.17 09:03:45.287,0.96775,0.96805,1.00,1.00
2010.09.17 09:03:45.366,0.9677,0.96805,8.40,1.00
2010.09.17 09:03:45.436,0.9677,0.96805,6.80,1.00
2010.09.17 09:03:45.506,0.9677,0.96805,3.60,1.00
2010.09.17 09:03:45.576,0.9677,0.96805,2.10,1.00
2010.09.17 09:03:46.165,0.9677,0.96805,6.10,2.10
2010.09.17 09:03:46.511,0.9678,0.9681,1.00,3.30
2010.09.17 09:03:46.848,0.9677,0.9681,2.90,3.80
2010.09.17 09:03:47.389,0.9677,0.96805,2.80,1.00
2010.09.17 09:03:47.734,0.9677,0.96805,1.00,1.60
2010.09.17 09:03:48.946,0.96775,0.96805,1.00,1.60
2010.09.17 09:03:49.304,0.96775,0.9681,2.00,1.00
2010.09.17 09:03:49.646,0.96775,0.9681,2.10,1.00
2010.09.17 09:03:50.685,0.96775,0.9681,2.00,1.00
2010.09.17 09:03:52.095,0.96775,0.9681,2.00,1.00
2010.09.17 09:03:52.476,0.9678,0.96815,1.00,3.20
2010.09.17 09:03:52.696,0.96785,0.96815,1.00,3.20
2010.09.17 09:03:52.918,0.96785,0.96815,1.00,1.00
2010.09.17 09:03:53.569,0.9678,0.96815,1.00,3.20
2010.09.17 09:03:53.846,0.9678,0.9681,1.00,1.00
2010.09.17 09:03:54.933,0.96775,0.9681,1.00,3.80
2010.09.17 09:03:55.284,0.96775,0.9681,2.00,1.00
2010.09.17 09:03:55.631,0.96775,0.9681,2.80,1.00
2010.09.17 09:03:56.203,0.96785,0.9681,1.00,1.00
2010.09.17 09:03:56.512,0.96785,0.96815,1.00,1.00
2010.09.17 09:03:56.821,0.9678,0.96815,4.00,1.00
2010.09.17 09:03:57.120,0.96775,0.96815,2.00,3.20
2010.09.17 09:03:57.949,0.9678,0.9681,1.00,1.00
2010.09.17 09:04:02.831,0.96775,0.9681,2.10,1.00
2010.09.17 09:04:03.069,0.96775,0.9681,1.00,3.70
2010.09.17 09:04:04.960,0.96775,0.96805,1.00,1.00
2010.09.17 09:04:05.228,0.96775,0.968,1.00,1.00
2010.09.17 09:04:05.377,0.9677,0.968,7.60,1.00
2010.09.17 09:04:05.527,0.9677,0.96805,1.00,5.40
2010.09.17 09:04:06.416,0.96775,0.96805,1.00,1.00
2010.09.17 09:04:07.047,0.96775,0.96805,1.00,1.00
2010.09.17 09:04:08.021,0.96775,0.96805,1.00,1.00
2010.09.17 09:04:11.216,0.96775,0.96805,1.00,1.00
2010.09.17 09:04:11.564,0.9677,0.96805,1.00,1.70
2010.09.17 09:04:14.197,0.9677,0.968,1.00,1.00
2010.09.17 09:04:15.187,0.9677,0.96805,1.00,1.60
2010.09.17 09:04:15.357,0.96775,0.96805,1.00,1.60
2010.09.17 09:04:16.349,0.96775,0.96805,1.00,1.00
2010.09.17 09:04:16.623,0.96775,0.96805,1.00,1.00
2010.09.17 09:04:17.398,0.9677,0.96805,4.60,2.20
2010.09.17 09:04:17.726,0.96775,0.96805,1.00,1.00
2010.09.17 09:04:18.051,0.9677,0.96805,6.20,2.00
2010.09.17 09:04:18.867,0.9677,0.968,4.50,1.00
2010.09.17 09:04:19.149,0.9677,0.96805,4.60,2.20
2010.09.17 09:04:20.464,0.9677,0.96805,4.60,1.00
2010.09.17 09:04:20.757,0.9677,0.96805,4.60,2.20
2010.09.17 09:04:22.616,0.9677,0.96805,4.50,2.10
2010.09.17 09:04:23.408,0.96775,0.96805,1.20,1.00
2010.09.17 09:04:23.760,0.9678,0.96815,5.60,1.00
2010.09.17 09:04:23.961,0.96775,0.96815,3.10,3.20
2010.09.17 09:04:24.697,0.96775,0.9681,2.20,1.00
2010.09.17 09:04:24.899,0.9678,0.96815,1.00,3.20
2010.09.17 09:04:25.238,0.9678,0.9681,4.00,1.00
2010.09.17 09:04:25.768,0.9678,0.9681,5.60,1.00
2010.09.17 09:04:26.052,0.9678,0.9681,1.00,1.00
2010.09.17 09:04:29.668,0.9678,0.96815,1.00,3.30
2010.09.17 09:04:29.899,0.96785,0.96815,1.00,1.00
2010.09.17 09:04:30.639,0.96785,0.96815,1.00,1.70
2010.09.17 09:04:30.968,0.96785,0.96815,1.00,1.00
2010.09.17 09:04:31.288,0.9678,0.96815,2.00,3.30
2010.09.17 09:04:32.758,0.9678,0.9681,2.00,1.00
2010.09.17 09:04:36.558,0.9678,0.96805,1.60,2.00
2010.09.17 09:04:37.213,0.9678,0.96805,2.00,3.20
2010.09.17 09:04:37.562,0.96775,0.9681,2.10,1.00
2010.09.17 09:04:37.908,0.96775,0.9681,2.00,1.00
2010.09.17 09:04:38.564,0.9678,0.9681,1.00,1.00
2010.09.17 09:04:41.891,0.96775,0.9681,2.00,1.00
2010.09.17 09:04:42.127,0.96775,0.96815,2.10,3.30
2010.09.17 09:04:42.937,0.96775,0.96815,3.70,1.00
2010.09.17 09:04:43.457,0.96775,0.9681,3.60,1.00
2010.09.17 09:04:44.654,0.96775,0.9681,3.70,1.00
2010.09.17 09:04:44.917,0.96775,0.96805,3.20,1.00
2010.09.17 09:04:45.178,0.96775,0.9681,1.00,2.10
2010.09.17 09:04:45.795,0.9678,0.9681,2.80,2.10
2010.09.17 09:04:46.006,0.9678,0.9681,1.00,1.00
2010.09.17 09:04:47.403,0.9678,0.96805,1.00,1.00
2010.09.17 09:04:47.857,0.9678,0.96805,1.00,1.00
2010.09.17 09:04:48.007,0.9678,0.9681,1.00,1.00
2010.09.17 09:04:51.157,0.9678,0.9681,1.00,1.00
2010.09.17 09:04:52.438,0.9678,0.9681,1.00,1.00
2010.09.17 09:04:53.022,0.9678,0.9681,1.00,1.00
2010.09.17 09:04:53.249,0.96775,0.9681,4.10,1.00
2010.09.17 09:04:53.316,0.96775,0.9681,2.50,1.00
2010.09.17 09:04:53.377,0.96775,0.9681,1.00,3.70
2010.09.17 09:04:54.459,0.96775,0.9681,1.00,3.80
2010.09.17 09:04:56.627,0.96775,0.96805,1.00,1.00
2010.09.17 09:05:00.607,0.96775,0.96805,1.00,1.00
2010.09.17 09:05:00.788,0.9677,0.96795,2.40,3.60
2010.09.17 09:05:00.967,0.96765,0.96795,1.00,3.60
2010.09.17 09:05:01.147,0.96765,0.96795,1.00,2.00
2010.09.17 09:05:01.328,0.96765,0.96795,1.00,1.60
2010.09.17 09:05:01.507,0.96765,0.968,2.50,1.00
2010.09.17 09:05:02.177,0.9677,0.968,1.00,1.00
2010.09.17 09:05:02.440,0.9677,0.968,1.00,1.00
2010.09.17 09:05:03.439,0.9677,0.968,1.00,1.00
2010.09.17 09:05:05.077,0.9677,0.96805,2.00,1.60
2010.09.17 09:05:05.186,0.96775,0.96805,1.00,1.00
2010.09.17 09:05:06.144,0.96775,0.96805,1.00,1.00
2010.09.17 09:05:07.403,0.96775,0.96805,1.00,1.00
2010.09.17 09:05:07.569,0.96775,0.96795,1.00,3.20
2010.09.17 09:05:07.889,0.96765,0.96795,1.00,3.60
2010.09.17 09:05:08.048,0.9677,0.96795,4.40,1.60
2010.09.17 09:05:08.680,0.96775,0.968,1.00,1.60
2010.09.17 09:05:08.939,0.9677,0.96805,2.00,1.60
2010.09.17 09:05:09.198,0.9677,0.96805,2.00,1.70
2010.09.17 09:05:10.383,0.9677,0.968,2.00,1.00
2010.09.17 09:05:11.459,0.96765,0.968,3.70,1.00
2010.09.17 09:05:11.537,0.96765,0.968,3.60,1.00
2010.09.17 09:05:11.696,0.96765,0.968,3.60,1.00
2010.09.17 09:05:11.857,0.96765,0.968,2.00,2.10
2010.09.17 09:05:12.925,0.96765,0.968,2.00,2.20
2010.09.17 09:05:15.392,0.96765,0.96795,2.00,1.00
2010.09.17 09:05:15.942,0.96765,0.96795,2.00,1.00
2010.09.17 09:05:16.249,0.96765,0.96795,2.00,2.20
2010.09.17 09:05:16.939,0.96765,0.96795,1.00,3.80
2010.09.17 09:05:17.498,0.96765,0.9679,1.00,1.00
2010.09.17 09:05:20.447,0.96765,0.96795,1.00,3.70
2010.09.17 09:05:20.678,0.9677,0.96805,4.40,2.10
2010.09.17 09:05:21.255,0.96775,0.96805,1.00,1.60
2010.09.17 09:05:21.512,0.9677,0.968,1.00,1.00
2010.09.17 09:05:21.769,0.9677,0.96805,1.00,3.70
2010.09.17 09:05:22.557,0.96775,0.96805,1.00,1.60
2010.09.17 09:05:23.999,0.96775,0.968,1.00,1.00
2010.09.17 09:05:24.341,0.96765,0.968,2.60,2.20
2010.09.17 09:05:25.887,0.96765,0.968,2.40,2.20
2010.09.17 09:05:26.474,0.96765,0.96795,2.50,1.00
2010.09.17 09:05:31.247,0.96765,0.96795,1.00,1.00
2010.09.17 09:05:35.881,0.96765,0.96795,1.00,1.00
2010.09.17 09:05:49.328,0.96765,0.96795,1.00,1.00
2010.09.17 09:05:50.092,0.96765,0.96795,1.00,3.70
2010.09.17 09:05:50.288,0.96765,0.96795,1.00,3.80
2010.09.17 09:05:51.708,0.96765,0.96795,1.00,3.70
2010.09.17 09:05:53.496,0.96765,0.9679,1.00,1.00
2010.09.17 09:05:55.038,0.9676,0.96795,4.40,2.20
2010.09.17 09:05:56.060,0.9676,0.96795,4.50,2.00
2010.09.17 09:05:56.340,0.9677,0.96795,1.00,1.00
2010.09.17 09:05:56.609,0.9677,0.96795,1.00,1.00
2010.09.17 09:05:59.369,0.9677,0.96795,1.00,1.00
2010.09.17 09:06:01.438,0.9676,0.9679,4.40,1.00
2010.09.17 09:06:01.619,0.9676,0.9679,2.00,1.00
2010.09.17 09:06:08.286,0.9676,0.9679,1.00,1.00
2010.09.17 09:06:09.959,0.96755,0.9679,6.10,1.00
2010.09.17 09:06:10.303,0.96755,0.9679,3.60,1.00
2010.09.17 09:06:10.427,0.96755,0.9679,3.60,1.00
2010.09.17 09:06:10.588,0.9676,0.9679,1.00,1.00
2010.09.17 09:06:12.308,0.9676,0.9679,1.00,1.00
2010.09.17 09:06:17.548,0.9676,0.96795,1.00,1.00
2010.09.17 09:06:17.797,0.9676,0.96795,1.00,1.00
2010.09.17 09:06:18.357,0.96765,0.96795,1.00,1.00
2010.09.17 09:06:18.489,0.9676,0.96795,6.00,2.10
2010.09.17 09:06:19.832,0.96765,0.96795,1.00,1.00
2010.09.17 09:06:20.647,0.96765,0.96795,1.00,1.00
2010.09.17 09:06:23.539,0.9677,0.968,1.00,1.00
2010.09.17 09:06:24.068,0.9677,0.968,1.00,1.00
2010.09.17 09:06:25.197,0.9677,0.968,1.00,3.00
2010.09.17 09:06:27.356,0.96765,0.968,1.00,3.00
2010.09.17 09:06:27.718,0.96765,0.968,1.00,6.20
2010.09.17 09:06:28.562,0.96765,0.96795,1.00,1.00
2010.09.17 09:06:36.276,0.9676,0.96795,3.60,1.00
2010.09.17 09:06:36.622,0.9676,0.96795,1.00,1.00
2010.09.17 09:06:36.894,0.9676,0.96795,1.00,1.00
2010.09.17 09:06:38.385,0.9676,0.9679,1.00,1.00
2010.09.17 09:06:41.469,0.9676,0.96795,1.00,1.00
2010.09.17 09:06:41.691,0.96765,0.968,1.00,4.60
2010.09.17 09:06:41.907,0.9677,0.968,1.00,1.00
2010.09.17 09:06:52.914,0.9677,0.968,2.80,1.00
2010.09.17 09:06:53.204,0.9677,0.968,2.00,2.40
2010.09.17 09:06:53.480,0.96765,0.968,2.80,2.90
2010.09.17 09:06:54.332,0.96765,0.968,1.00,3.00
2010.09.17 09:06:54.669,0.96765,0.96795,1.00,1.00
2010.09.17 09:06:55.953,0.96765,0.968,1.00,2.90
2010.09.17 09:06:56.190,0.9677,0.968,1.00,3.00
2010.09.17 09:06:56.758,0.9677,0.96795,1.00,1.00
2010.09.17 09:06:56.937,0.9677,0.968,1.00,3.00
2010.09.17 09:06:57.569,0.9677,0.968,1.00,1.00
2010.09.17 09:06:58.607,0.9677,0.968,1.00,1.00
2010.09.17 09:06:59.620,0.96775,0.96805,1.00,1.00
2010.09.17 09:07:00.107,0.96775,0.96805,1.00,1.00
2010.09.17 09:07:00.659,0.96775,0.96805,1.00,1.00
2010.09.17 09:07:01.936,0.96775,0.96805,1.00,1.00
2010.09.17 09:07:02.721,0.96765,0.968,6.30,1.00
2010.09.17 09:07:02.960,0.96765,0.968,1.00,1.00
2010.09.17 09:07:04.198,0.9676,0.96795,1.00,1.00
2010.09.17 09:07:04.469,0.9676,0.96795,4.60,1.00
2010.09.17 09:07:05.401,0.9676,0.96795,7.70,1.00
2010.09.17 09:07:05.740,0.9677,0.968,2.00,1.00
2010.09.17 09:07:07.047,0.9677,0.968,2.00,1.00
2010.09.17 09:07:08.476,0.9677,0.968,2.00,1.00
2010.09.17 09:07:10.507,0.96775,0.96805,1.00,1.00
2010.09.17 09:07:11.767,0.96775,0.96805,1.00,1.00
2010.09.17 09:07:16.461,0.9677,0.968,4.40,1.00
2010.09.17 09:07:16.629,0.96775,0.96805,1.00,1.00
2010.09.17 09:07:18.001,0.96775,0.96805,1.00,1.00
2010.09.17 09:07:18.850,0.9677,0.96805,1.00,1.00
2010.09.17 09:07:19.527,0.9677,0.96805,1.00,1.00
2010.09.17 09:07:20.750,0.9677,0.96805,1.00,3.80
2010.09.17 09:07:21.731,0.9677,0.96805,1.00,1.00
2010.09.17 09:07:22.083,0.96765,0.968,2.80,2.90
2010.09.17 09:07:23.705,0.9676,0.96795,6.00,1.00
2010.09.17 09:07:23.779,0.9676,0.96795,2.80,1.00
2010.09.17 09:07:23.990,0.9676,0.96795,1.00,1.00
2010.09.17 09:07:25.568,0.9676,0.96795,1.00,1.00
2010.09.17 09:07:27.797,0.9676,0.9679,1.00,1.00
2010.09.17 09:07:28.329,0.9676,0.9679,1.00,1.00
2010.09.17 09:07:29.052,0.96755,0.9679,5.20,1.00
2010.09.17 09:07:29.272,0.9676,0.9679,1.00,1.00
2010.09.17 09:07:30.954,0.96755,0.9679,6.00,1.00
2010.09.17 09:07:31.221,0.96755,0.9679,1.00,1.00
2010.09.17 09:07:32.483,0.9676,0.96795,8.10,1.00
2010.09.17 09:07:34.510,0.9676,0.96795,8.20,1.00
2010.09.17 09:07:35.157,0.96765,0.96795,1.00,1.00
2010.09.17 09:07:35.472,0.96765,0.96795,1.00,1.00
2010.09.17 09:07:35.791,0.9676,0.96795,2.00,1.00
2010.09.17 09:07:36.358,0.9676,0.96795,4.40,1.00
2010.09.17 09:07:36.675,0.96775,0.96805,1.00,1.00
2010.09.17 09:07:36.940,0.96775,0.96805,1.00,1.00
2010.09.17 09:07:38.537,0.96775,0.96805,1.00,1.00
2010.09.17 09:07:41.277,0.96775,0.96805,1.00,1.00
2010.09.17 09:07:46.207,0.96775,0.9681,1.00,1.00
2010.09.17 09:07:46.488,0.9678,0.9681,2.00,1.00
2010.09.17 09:07:47.100,0.9678,0.9681,1.00,1.00
2010.09.17 09:07:49.177,0.9678,0.9681,2.00,1.00
2010.09.17 09:07:49.417,0.9678,0.9681,1.00,1.00
2010.09.17 09:07:49.626,0.9678,0.9681,2.00,1.00
2010.09.17 09:07:50.512,0.9678,0.9681,1.00,1.00
2010.09.17 09:07:50.692,0.9678,0.9681,2.00,1.00
2010.09.17 09:07:50.879,0.9678,0.9681,7.60,1.00
2010.09.17 09:07:51.058,0.9678,0.96815,7.60,1.00
2010.09.17 09:07:51.418,0.9678,0.96815,7.60,1.00
2010.09.17 09:07:53.482,0.96785,0.96815,1.00,1.00
2010.09.17 09:07:54.584,0.96785,0.96815,1.00,1.60
2010.09.17 09:07:54.869,0.96775,0.9681,3.20,1.00
2010.09.17 09:07:54.966,0.96775,0.9681,1.60,1.00
2010.09.17 09:07:55.067,0.9677,0.9681,7.70,1.00
2010.09.17 09:07:55.377,0.96775,0.9681,1.00,1.00
2010.09.17 09:07:56.543,0.9677,0.96805,7.70,1.00
2010.09.17 09:07:58.463,0.9677,0.9681,7.60,1.00
2010.09.17 09:07:58.546,0.96775,0.96805,1.00,1.00
2010.09.17 09:07:59.351,0.96775,0.96805,1.00,1.00
2010.09.17 09:07:59.838,0.9678,0.9681,2.00,1.00
2010.09.17 09:08:00.975,0.9678,0.9681,1.00,2.90
2010.09.17 09:08:01.152,0.9678,0.9681,2.00,1.00
2010.09.17 09:08:02.117,0.9678,0.9681,2.00,1.00
2010.09.17 09:08:02.754,0.96775,0.96805,1.00,1.00
2010.09.17 09:08:02.862,0.9677,0.96805,8.00,1.00
2010.09.17 09:08:03.438,0.9677,0.96805,8.00,1.00
2010.09.17 09:08:04.079,0.9677,0.96805,7.80,1.00
2010.09.17 09:08:04.849,0.9677,0.96805,4.60,2.20
2010.09.17 09:08:04.931,0.9677,0.96805,7.60,1.00
2010.09.17 09:08:06.400,0.96775,0.96805,1.00,1.00
2010.09.17 09:08:16.532,0.96775,0.96805,2.40,1.00
2010.09.17 09:08:16.797,0.96775,0.96805,1.00,1.00
2010.09.17 09:08:17.853,0.9678,0.9681,2.00,1.00
2010.09.17 09:08:18.788,0.9678,0.9681,2.00,1.00
2010.09.17 09:08:23.089,0.9678,0.9681,2.10,1.00
2010.09.17 09:08:23.328,0.9678,0.96815,4.80,1.60
2010.09.17 09:08:23.569,0.9679,0.96815,1.00,1.00
2010.09.17 09:08:24.124,0.9679,0.96815,1.00,1.70
2010.09.17 09:08:24.463,0.96785,0.96815,1.00,1.70
2010.09.17 09:08:25.497,0.96785,0.96815,1.00,1.60
2010.09.17 09:08:26.330,0.9679,0.96815,3.20,1.70
2010.09.17 09:08:26.658,0.96785,0.96815,1.00,1.70
2010.09.17 09:08:27.759,0.96785,0.96815,1.00,1.60
2010.09.17 09:08:31.288,0.96785,0.96815,1.00,2.20
2010.09.17 09:08:32.012,0.96785,0.96815,1.00,1.60
2010.09.17 09:08:32.315,0.96785,0.96815,1.00,1.70
2010.09.17 09:08:33.718,0.96785,0.96815,1.00,1.60
2010.09.17 09:08:35.009,0.96785,0.96815,2.00,1.00
2010.09.17 09:08:35.347,0.96785,0.9682,2.10,1.00
2010.09.17 09:08:36.568,0.9679,0.9682,1.00,1.00
2010.09.17 09:08:36.678,0.96785,0.96815,2.00,1.00
2010.09.17 09:08:36.789,0.96785,0.96815,1.00,1.60
2010.09.17 09:08:38.137,0.9678,0.96815,1.00,3.30
2010.09.17 09:08:38.757,0.9678,0.9681,1.00,1.00
2010.09.17 09:08:40.400,0.9678,0.96815,1.00,3.30
2010.09.17 09:08:41.517,0.9678,0.96815,1.00,3.20
2010.09.17 09:08:42.138,0.96775,0.9681,1.00,1.00
2010.09.17 09:08:42.870,0.96775,0.9681,1.00,1.00
2010.09.17 09:08:43.215,0.96775,0.9681,3.80,1.00
2010.09.17 09:08:51.296,0.96775,0.9681,4.20,1.00
2010.09.17 09:08:51.387,0.96775,0.9681,4.10,1.00
2010.09.17 09:08:52.078,0.96775,0.9681,3.60,1.00
2010.09.17 09:08:52.230,0.9678,0.9681,1.00,1.00
2010.09.17 09:08:53.997,0.9678,0.96815,1.00,1.60
2010.09.17 09:08:54.193,0.9678,0.96815,2.00,1.00
2010.09.17 09:08:54.517,0.9678,0.96815,1.00,1.00
2010.09.17 09:08:55.766,0.9678,0.9681,1.00,1.00
2010.09.17 09:09:07.034,0.9678,0.9681,1.00,1.00
2010.09.17 09:09:07.229,0.9678,0.9681,1.00,1.00
2010.09.17 09:09:08.623,0.9678,0.9681,1.00,1.00
2010.09.17 09:09:09.031,0.9678,0.96805,1.00,1.00
2010.09.17 09:09:10.584,0.96775,0.96805,1.00,1.00
2010.09.17 09:09:11.451,0.96775,0.96805,1.00,1.00
2010.09.17 09:09:14.821,0.96775,0.9681,1.00,1.00
2010.09.17 09:09:14.885,0.96775,0.9681,1.20,1.00
2010.09.17 09:09:14.948,0.96775,0.9681,1.00,1.00
2010.09.17 09:09:15.648,0.96775,0.96805,1.00,1.00
2010.09.17 09:09:17.200,0.9678,0.9681,1.00,1.00
2010.09.17 09:09:17.881,0.9678,0.9681,1.00,1.00
2010.09.17 09:09:19.170,0.9678,0.96805,1.00,1.00
2010.09.17 09:09:27.878,0.96765,0.968,1.00,2.80
2010.09.17 09:09:28.098,0.96765,0.96795,1.00,1.60
2010.09.17 09:09:28.319,0.9676,0.96795,4.50,2.00
2010.09.17 09:09:29.171,0.96765,0.968,1.00,3.00
2010.09.17 09:09:29.660,0.96765,0.96795,1.00,2.10
2010.09.17 09:09:31.242,0.96765,0.96795,1.00,2.20
2010.09.17 09:09:31.608,0.96765,0.96795,1.00,2.10
2010.09.17 09:09:31.738,0.96765,0.96795,1.00,1.00
2010.09.17 09:09:31.867,0.96765,0.96795,2.00,1.00
2010.09.17 09:09:33.489,0.96765,0.968,2.00,1.00
2010.09.17 09:09:34.526,0.96765,0.968,2.10,1.00
2010.09.17 09:09:41.227,0.96765,0.968,1.00,1.00
2010.09.17 09:09:43.398,0.96765,0.96795,1.00,1.00
2010.09.17 09:09:43.548,0.96765,0.96795,1.00,4.90
2010.09.17 09:09:43.700,0.9676,0.9679,1.70,1.00
2010.09.17 09:09:44.267,0.9676,0.9679,1.60,1.00
2010.09.17 09:09:44.531,0.9675,0.96785,1.00,1.00
2010.09.17 09:09:44.789,0.9675,0.96785,1.00,1.00
2010.09.17 09:09:45.051,0.96755,0.9679,2.00,2.50
2010.09.17 09:09:45.883,0.96765,0.96795,1.60,1.00
2010.09.17 09:09:47.942,0.9676,0.96795,7.60,1.00
2010.09.17 09:09:48.998,0.9677,0.968,4.40,1.00
2010.09.17 09:09:49.665,0.9677,0.968,2.00,2.90
2010.09.17 09:09:49.892,0.9677,0.968,1.60,3.00
2010.09.17 09:09:50.360,0.9677,0.96795,1.60,1.00
2010.09.17 09:09:51.119,0.96765,0.96795,1.60,1.00
2010.09.17 09:09:51.356,0.9676,0.96795,3.60,1.00
2010.09.17 09:09:52.309,0.96765,0.968,1.00,1.00
2010.09.17 09:09:53.316,0.96765,0.96795,1.00,1.00
2010.09.17 09:09:53.608,0.9676,0.96795,2.00,1.00
2010.09.17 09:09:53.907,0.9676,0.96795,1.60,1.00
2010.09.17 09:09:54.209,0.9676,0.9679,1.60,1.00
2010.09.17 09:09:55.049,0.96755,0.9679,1.00,1.00
2010.09.17 09:09:55.727,0.96755,0.9679,1.00,1.00
2010.09.17 09:09:57.498,0.96755,0.96785,1.00,1.00
2010.09.17 09:09:58.388,0.96755,0.9679,1.00,1.00
2010.09.17 09:09:59.108,0.9675,0.96785,6.00,1.00
2010.09.17 09:09:59.330,0.96755,0.96785,1.00,1.00
2010.09.17 09:10:02.438,0.9676,0.9679,1.00,1.00
2010.09.17 09:10:02.627,0.9676,0.9679,1.00,1.00
2010.09.17 09:10:03.278,0.9676,0.9679,1.00,1.00
2010.09.17 09:10:03.557,0.96755,0.9679,5.30,1.00
2010.09.17 09:10:03.700,0.96755,0.9679,3.60,1.00
2010.09.17 09:10:04.252,0.96755,0.9679,2.00,1.00
2010.09.17 09:10:04.574,0.96755,0.9679,3.60,1.00
2010.09.17 09:10:05.198,0.96755,0.9679,3.60,1.00
2010.09.17 09:10:05.517,0.96755,0.9679,1.00,1.00
2010.09.17 09:10:06.698,0.96755,0.96785,1.00,1.00
2010.09.17 09:10:06.940,0.9675,0.9678,2.00,1.00
2010.09.17 09:10:07.522,0.9675,0.96785,1.00,1.00
2010.09.17 09:10:07.862,0.9675,0.9678,5.20,1.00
2010.09.17 09:10:08.538,0.9675,0.96785,5.20,1.00
2010.09.17 09:10:09.213,0.9675,0.96785,5.20,1.00
2010.09.17 09:10:09.575,0.96755,0.9678,1.00,2.40
2010.09.17 09:10:09.801,0.96755,0.9678,1.00,2.40
2010.09.17 09:10:10.029,0.96755,0.9679,1.00,3.00
2010.09.17 09:10:11.279,0.9676,0.9679,1.60,3.00
2010.09.17 09:10:12.386,0.9676,0.96785,1.60,1.00
2010.09.17 09:10:14.779,0.96755,0.96785,2.00,1.00
2010.09.17 09:10:15.407,0.96755,0.9678,2.00,1.00
2010.09.17 09:10:16.322,0.96755,0.96785,1.00,1.00
2010.09.17 09:10:16.867,0.96755,0.96785,1.00,1.00
2010.09.17 09:10:17.807,0.9676,0.9679,1.00,1.00
2010.09.17 09:10:18.630,0.9676,0.9679,1.00,1.00
2010.09.17 09:10:20.578,0.96755,0.9679,1.00,1.00
2010.09.17 09:10:21.440,0.96755,0.96785,1.00,1.00
2010.09.17 09:10:22.287,0.9676,0.96785,1.60,1.00
2010.09.17 09:10:22.444,0.96755,0.9679,5.60,2.90
2010.09.17 09:10:22.581,0.9676,0.9679,1.60,2.90
2010.09.17 09:10:23.757,0.9676,0.9679,1.60,3.00
2010.09.17 09:10:24.152,0.9676,0.96785,1.60,1.00
2010.09.17 09:10:24.417,0.96755,0.96785,5.60,1.00
2010.09.17 09:10:24.688,0.96755,0.96785,1.60,1.00
2010.09.17 09:10:25.609,0.9676,0.96785,1.60,1.00
2010.09.17 09:10:27.307,0.9676,0.96785,1.60,1.00
2010.09.17 09:10:27.410,0.9676,0.96785,1.60,1.00
2010.09.17 09:10:30.347,0.9676,0.9679,1.60,3.00
2010.09.17 09:10:30.488,0.9676,0.96785,1.60,1.00
2010.09.17 09:10:31.504,0.9676,0.9679,2.00,1.00
2010.09.17 09:10:35.071,0.9676,0.9679,2.00,1.00
2010.09.17 09:10:35.257,0.9676,0.9679,2.00,1.00
2010.09.17 09:10:36.474,0.9676,0.9679,2.00,1.00
2010.09.17 09:10:37.459,0.9676,0.9679,2.10,1.00
2010.09.17 09:10:39.866,0.9676,0.96795,7.70,1.00
2010.09.17 09:10:41.527,0.9676,0.96795,8.00,1.00
2010.09.17 09:10:42.721,0.96765,0.96795,1.00,1.00
2010.09.17 09:10:43.050,0.9676,0.96795,8.20,1.00
2010.09.17 09:10:48.378,0.9676,0.96795,8.00,1.00
2010.09.17 09:10:48.449,0.9676,0.9679,5.60,2.40
2010.09.17 09:10:48.611,0.9676,0.96785,1.60,1.00
2010.09.17 09:10:48.769,0.96755,0.96785,1.00,2.20
2010.09.17 09:10:49.520,0.96755,0.96785,1.00,2.00
2010.09.17 09:10:50.528,0.96755,0.96785,1.00,2.10
2010.09.17 09:10:53.557,0.9675,0.9678,2.40,1.00
2010.09.17 09:10:53.910,0.9675,0.96785,4.80,2.00
2010.09.17 09:10:54.656,0.9675,0.9678,4.80,1.00
2010.09.17 09:10:59.739,0.9675,0.96785,4.80,2.00
2010.09.17 09:10:59.918,0.96755,0.96785,1.00,1.00
2010.09.17 09:11:01.437,0.9675,0.96785,2.00,1.00
2010.09.17 09:11:02.022,0.9675,0.96785,2.00,1.60
2010.09.17 09:11:02.322,0.96745,0.9678,4.50,1.00
2010.09.17 09:11:03.904,0.96745,0.96775,4.40,1.00
2010.09.17 09:11:04.099,0.96745,0.96775,3.60,2.00
2010.09.17 09:11:04.300,0.96745,0.96775,1.00,1.00
2010.09.17 09:11:05.157,0.96745,0.96775,1.00,2.00
2010.09.17 09:11:05.499,0.9675,0.9678,1.00,1.00
2010.09.17 09:11:06.457,0.9675,0.96775,1.00,1.00
2010.09.17 09:11:07.377,0.96745,0.96775,4.40,1.00
2010.09.17 09:11:10.527,0.96745,0.96775,4.40,1.00
2010.09.17 09:11:10.717,0.96745,0.96775,1.60,2.00
2010.09.17 09:11:11.437,0.9674,0.96775,6.00,2.00
2010.09.17 09:11:11.626,0.9674,0.9677,6.00,1.00
2010.09.17 09:11:12.288,0.96745,0.9678,4.10,2.90
2010.09.17 09:11:13.068,0.96745,0.96775,4.00,1.00
2010.09.17 09:11:13.309,0.96745,0.96775,1.00,2.00
2010.09.17 09:11:13.549,0.96745,0.96775,1.00,1.70
2010.09.17 09:11:13.789,0.96745,0.96775,4.00,1.00
2010.09.17 09:11:14.519,0.96745,0.96775,1.00,2.00
2010.09.17 09:11:14.844,0.96745,0.9677,1.00,1.00
2010.09.17 09:11:16.303,0.9675,0.9677,1.00,1.00
2010.09.17 09:11:16.490,0.9675,0.96775,1.00,1.00
2010.09.17 09:11:17.832,0.9675,0.9677,1.00,2.40
2010.09.17 09:11:18.141,0.96745,0.9677,1.00,2.40
2010.09.17 09:11:20.242,0.9674,0.9677,6.80,2.80
2010.09.17 09:11:20.623,0.9674,0.9677,1.00,4.40
2010.09.17 09:11:21.681,0.9674,0.9677,1.00,4.40
2010.09.17 09:11:22.348,0.9674,0.9677,1.00,4.40
2010.09.17 09:11:22.628,0.9674,0.9677,2.00,2.80
2010.09.17 09:11:23.415,0.96745,0.96775,1.00,2.00
2010.09.17 09:11:24.509,0.96745,0.9677,1.00,1.00
2010.09.17 09:11:31.228,0.9674,0.9677,3.70,4.50
2010.09.17 09:11:31.408,0.9674,0.9677,1.00,6.00
2010.09.17 09:11:32.668,0.9674,0.96765,1.00,1.00
2010.09.17 09:11:34.968,0.9674,0.9677,1.00,6.00
2010.09.17 09:11:35.168,0.96745,0.9677,1.00,4.00
2010.09.17 09:11:35.839,0.96745,0.9677,1.00,1.60
2010.09.17 09:11:36.104,0.96745,0.9677,1.00,1.00
2010.09.17 09:11:40.199,0.9674,0.9677,2.00,1.00
2010.09.17 09:11:40.880,0.9674,0.9677,1.00,2.40
2010.09.17 09:11:41.179,0.9674,0.9677,1.00,2.80
2010.09.17 09:11:42.308,0.9674,0.96765,1.00,1.60
2010.09.17 09:11:43.130,0.96735,0.9676,1.00,1.00
2010.09.17 09:11:43.335,0.9673,0.9676,2.40,1.00
2010.09.17 09:11:43.528,0.9673,0.96765,2.40,2.00
2010.09.17 09:11:43.730,0.96735,0.96765,1.20,1.70
2010.09.17 09:11:44.320,0.96735,0.9676,1.20,1.00
2010.09.17 09:11:44.567,0.9673,0.9676,2.40,1.00
2010.09.17 09:11:45.561,0.9673,0.9676,2.40,1.00
2010.09.17 09:11:46.739,0.96735,0.96765,1.00,1.00
2010.09.17 09:11:48.300,0.96735,0.96765,1.00,1.00
2010.09.17 09:11:48.718,0.96735,0.96765,1.00,1.00
2010.09.17 09:11:48.917,0.9673,0.9676,3.20,1.00
2010.09.17 09:11:49.739,0.9673,0.9676,2.50,1.00
2010.09.17 09:11:52.283,0.9674,0.96765,1.60,1.00
2010.09.17 09:11:52.528,0.9673,0.96765,9.60,2.00
2010.09.17 09:11:53.156,0.9673,0.96765,4.80,2.00
2010.09.17 09:11:53.503,0.9673,0.9676,4.80,1.00
2010.09.17 09:11:53.998,0.9673,0.96765,4.80,2.00
2010.09.17 09:11:54.588,0.9673,0.96765,4.80,1.00
2010.09.17 09:11:54.933,0.96735,0.96765,1.00,1.00
2010.09.17 09:11:55.281,0.96735,0.9677,1.00,1.60
2010.09.17 09:11:56.134,0.9674,0.9677,4.80,1.00
2010.09.17 09:11:56.486,0.96735,0.96775,2.00,1.60
2010.09.17 09:11:57.982,0.9674,0.96775,4.00,3.60
2010.09.17 09:11:58.078,0.9674,0.96775,4.80,3.60
2010.09.17 09:11:58.800,0.9674,0.9677,4.80,1.00
2010.09.17 09:11:58.987,0.9674,0.9677,2.40,1.00
2010.09.17 09:11:59.784,0.96735,0.9677,1.00,1.00
2010.09.17 09:12:00.709,0.96735,0.9677,1.00,1.00
2010.09.17 09:12:01.512,0.96735,0.9677,1.00,1.00
2010.09.17 09:12:03.444,0.9674,0.96765,1.00,1.60
2010.09.17 09:12:03.791,0.9674,0.96765,2.40,1.00
2010.09.17 09:12:04.646,0.9674,0.9677,4.80,1.00
2010.09.17 09:12:06.090,0.9674,0.9677,4.80,1.00
2010.09.17 09:12:06.538,0.9674,0.9677,4.80,1.00
2010.09.17 09:12:24.110,0.96745,0.9677,2.40,1.00
2010.09.17 09:12:26.057,0.96745,0.96775,2.40,1.00
2010.09.17 09:12:28.501,0.96745,0.96775,2.40,1.00
2010.09.17 09:12:33.920,0.96745,0.9677,2.40,2.40
2010.09.17 09:12:34.165,0.9674,0.9677,2.40,1.00
2010.09.17 09:12:35.142,0.9674,0.9677,2.40,1.00
2010.09.17 09:12:35.649,0.9674,0.9677,2.40,1.00
2010.09.17 09:12:35.989,0.9673,0.96765,6.40,2.00
2010.09.17 09:12:36.788,0.96735,0.9677,4.40,2.80
2010.09.17 09:12:37.093,0.96735,0.9677,4.50,2.90
2010.09.17 09:12:38.290,0.96735,0.9677,2.90,2.90
2010.09.17 09:12:38.542,0.96735,0.9677,4.50,2.90
2010.09.17 09:12:40.555,0.9674,0.9677,2.40,1.00
2010.09.17 09:12:41.522,0.9674,0.9677,2.40,1.00
2010.09.17 09:12:41.969,0.9674,0.96765,1.00,1.70
2010.09.17 09:12:42.309,0.96735,0.96765,4.00,1.00
2010.09.17 09:12:43.787,0.96735,0.9677,4.10,2.90
2010.09.17 09:12:43.999,0.96735,0.9677,2.50,2.90
2010.09.17 09:12:44.090,0.96735,0.9677,1.00,2.90
2010.09.17 09:12:45.379,0.96735,0.96765,1.00,1.00
2010.09.17 09:12:48.872,0.96735,0.9677,1.00,2.90
2010.09.17 09:12:50.492,0.96735,0.9677,1.00,2.90
2010.09.17 09:13:07.078,0.96735,0.96765,1.00,1.00
2010.09.17 09:13:07.494,0.96735,0.9677,1.00,2.90
2010.09.17 09:13:13.617,0.96735,0.9677,1.00,2.80
2010.09.17 09:13:13.667,0.9674,0.9677,1.60,2.80
2010.09.17 09:13:13.718,0.9674,0.9677,1.60,1.00
2010.09.17 09:13:13.818,0.9674,0.9677,1.60,1.00
2010.09.17 09:13:13.867,0.9674,0.9677,2.40,1.00
2010.09.17 09:13:14.820,0.96735,0.96765,1.00,1.00
2010.09.17 09:13:15.450,0.96735,0.9677,1.00,2.90
2010.09.17 09:13:18.727,0.96735,0.96765,1.00,1.00
2010.09.17 09:13:18.827,0.96735,0.96765,1.00,1.00
2010.09.17 09:13:19.450,0.9673,0.96765,2.50,2.00
2010.09.17 09:13:20.251,0.9673,0.9676,2.40,1.00
2010.09.17 09:13:32.687,0.9673,0.96765,2.50,2.10
2010.09.17 09:13:58.477,0.9673,0.96765,2.50,2.00
2010.09.17 09:13:58.562,0.9673,0.96765,4.90,2.00
2010.09.17 09:13:58.639,0.9673,0.96765,4.80,2.00
2010.09.17 09:13:58.705,0.9673,0.96765,4.80,1.00
2010.09.17 09:13:58.749,0.96735,0.96765,1.00,1.00
2010.09.17 09:13:59.817,0.9674,0.96765,1.60,1.00
2010.09.17 09:14:00.859,0.9674,0.96765,1.60,1.00
2010.09.17 09:14:01.489,0.96735,0.96765,1.00,1.00
2010.09.17 09:14:06.328,0.9673,0.96765,4.00,2.00
2010.09.17 09:14:06.437,0.9673,0.96765,2.40,2.00
2010.09.17 09:14:07.290,0.9673,0.9676,2.40,1.00
2010.09.17 09:14:08.499,0.9673,0.96765,2.50,2.10
2010.09.17 09:14:11.010,0.9673,0.96765,4.90,2.10
2010.09.17 09:14:11.129,0.96735,0.96765,1.00,1.00
2010.09.17 09:14:12.457,0.96735,0.9677,1.00,2.90
2010.09.17 09:14:15.252,0.96735,0.96765,1.00,1.00
2010.09.17 09:14:16.939,0.96735,0.9677,1.00,2.90
2010.09.17 09:14:17.743,0.9674,0.9677,1.00,2.90
2010.09.17 09:14:17.947,0.9674,0.9677,1.00,2.80
2010.09.17 09:14:18.048,0.9675,0.96775,1.00,7.20
2010.09.17 09:14:18.634,0.9675,0.96775,1.00,5.60
2010.09.17 09:14:18.768,0.96735,0.9677,1.00,2.80
2010.09.17 09:14:21.477,0.96735,0.9677,1.00,2.80
2010.09.17 09:14:22.509,0.96735,0.9677,1.00,2.90
2010.09.17 09:14:24.328,0.96735,0.9677,1.00,2.90
2010.09.17 09:14:24.508,0.9674,0.9677,2.40,1.00
2010.09.17 09:14:26.489,0.9674,0.9677,2.40,1.00
2010.09.17 09:14:27.788,0.96735,0.9677,5.60,2.50
2010.09.17 09:14:28.018,0.96735,0.9677,2.40,4.90
2010.09.17 09:14:28.819,0.96735,0.96765,2.40,1.00
2010.09.17 09:14:29.517,0.96735,0.96765,2.40,1.00
2010.09.17 09:14:40.954,0.9673,0.96765,5.60,1.00
2010.09.17 09:14:41.288,0.9673,0.96765,2.40,2.00
2010.09.17 09:14:42.186,0.9673,0.96765,2.40,1.00
2010.09.17 09:14:42.541,0.96735,0.96765,1.00,1.00
2010.09.17 09:14:42.881,0.96735,0.9677,2.40,8.90
2010.09.17 09:14:43.048,0.96735,0.9677,2.40,6.50
2010.09.17 09:14:43.936,0.96735,0.96765,2.40,1.00
2010.09.17 09:14:44.100,0.9673,0.96765,2.50,2.10
2010.09.17 09:14:46.527,0.9673,0.9676,2.40,1.00
2010.09.17 09:14:57.747,0.9673,0.96765,2.40,2.00
2010.09.17 09:14:58.356,0.9673,0.96765,2.40,1.60
2010.09.17 09:14:58.530,0.9673,0.96765,2.40,2.00
2010.09.17 09:14:58.708,0.9673,0.9676,2.40,1.00
2010.09.17 09:15:10.051,0.9673,0.9676,1.00,1.00
2010.09.17 09:15:10.141,0.9673,0.9676,1.00,2.90
2010.09.17 09:15:10.317,0.96725,0.9676,2.50,2.90
2010.09.17 09:15:11.770,0.96725,0.96755,2.40,1.00
2010.09.17 09:15:20.037,0.96725,0.9676,2.40,2.80
2010.09.17 09:15:20.218,0.9673,0.9676,2.40,2.40
2010.09.17 09:15:20.399,0.9673,0.9676,2.40,2.40
2010.09.17 09:15:21.077,0.96735,0.96765,2.40,1.00
2010.09.17 09:15:22.490,0.9673,0.9676,2.40,1.00
2010.09.17 09:15:36.578,0.9673,0.9676,2.50,1.00
2010.09.17 09:15:36.945,0.96745,0.96775,1.00,1.00
2010.09.17 09:15:37.759,0.9674,0.96775,3.20,2.00
2010.09.17 09:15:38.062,0.96735,0.9677,1.00,2.80
2010.09.17 09:15:38.482,0.96735,0.9677,1.00,2.90
2010.09.17 09:15:39.567,0.96735,0.9677,1.00,2.90
2010.09.17 09:15:41.104,0.96735,0.96765,1.00,1.00
2010.09.17 09:15:42.597,0.96735,0.96765,1.00,1.00
2010.09.17 09:15:46.906,0.96735,0.9677,1.00,2.90
2010.09.17 09:15:51.523,0.9673,0.96765,5.60,2.00
2010.09.17 09:15:51.830,0.9673,0.96765,2.40,2.00
2010.09.17 09:15:52.543,0.9673,0.9676,2.40,1.00
2010.09.17 09:15:53.791,0.9673,0.96765,2.50,2.10
2010.09.17 09:15:58.760,0.9673,0.9676,2.40,1.00
2010.09.17 09:16:00.159,0.9673,0.9676,2.40,1.00
2010.09.17 09:16:00.445,0.96735,0.9676,1.00,1.60
2010.09.17 09:16:00.721,0.96735,0.9676,2.40,1.00
2010.09.17 09:16:01.673,0.96735,0.96765,2.40,1.00
2010.09.17 09:16:02.820,0.9673,0.9676,5.60,1.00
2010.09.17 09:16:03.605,0.9673,0.9676,2.40,1.00
2010.09.17 09:16:05.008,0.96725,0.9676,4.10,2.80
2010.09.17 09:16:06.596,0.96725,0.96755,1.60,2.10
2010.09.17 09:16:06.939,0.9672,0.96755,4.10,2.00
2010.09.17 09:16:07.167,0.9672,0.96755,2.50,2.00
2010.09.17 09:16:07.388,0.9672,0.9675,2.40,1.00
2010.09.17 09:16:08.647,0.9672,0.96755,4.80,2.00
2010.09.17 09:16:08.777,0.9672,0.96755,6.40,1.00
2010.09.17 09:16:08.908,0.96725,0.96755,2.40,1.00
2010.09.17 09:16:09.047,0.96725,0.9676,4.00,2.90
2010.09.17 09:16:09.929,0.96725,0.9676,1.00,2.90
2010.09.17 09:16:10.706,0.96725,0.96755,1.00,1.00
2010.09.17 09:16:11.532,0.9673,0.9676,1.00,1.00
2010.09.17 09:16:11.739,0.9673,0.9676,2.00,1.00
2010.09.17 09:16:12.649,0.9673,0.9676,2.00,1.00
2010.09.17 09:16:14.069,0.9673,0.9676,2.00,1.00
2010.09.17 09:16:14.410,0.9673,0.9676,2.00,1.00
2010.09.17 09:16:14.748,0.9673,0.9676,2.00,1.00
2010.09.17 09:16:15.485,0.9673,0.9676,2.10,1.00
2010.09.17 09:16:16.510,0.96735,0.96765,1.00,1.00
2010.09.17 09:16:16.868,0.96735,0.9677,1.00,2.90
2010.09.17 09:16:19.057,0.96735,0.9677,2.50,2.90
2010.09.17 09:16:19.808,0.96735,0.9677,1.00,2.90
2010.09.17 09:16:20.154,0.9673,0.96765,1.00,2.10
2010.09.17 09:16:21.647,0.9673,0.9676,1.00,1.00
2010.09.17 09:16:23.207,0.9673,0.96765,2.40,1.00
2010.09.17 09:16:23.418,0.96735,0.96765,1.20,1.60
2010.09.17 09:16:23.627,0.9673,0.96765,2.40,2.00
2010.09.17 09:16:23.777,0.9673,0.96765,1.00,2.00
2010.09.17 09:16:24.721,0.9673,0.96765,1.00,2.10
2010.09.17 09:16:31.074,0.9673,0.96765,3.30,2.10
2010.09.17 09:16:31.276,0.96735,0.96765,1.20,1.00
2010.09.17 09:16:32.063,0.96735,0.96765,1.20,1.00
2010.09.17 09:16:32.951,0.96735,0.9677,1.30,2.90
2010.09.17 09:16:33.389,0.96735,0.96765,1.20,1.00
2010.09.17 09:16:36.460,0.96735,0.9677,1.30,2.90
2010.09.17 09:16:41.141,0.96735,0.96765,1.20,1.00
2010.09.17 09:16:41.387,0.96735,0.96765,1.00,1.00
2010.09.17 09:16:43.758,0.96735,0.96765,3.60,1.00
2010.09.17 09:16:43.927,0.96735,0.9677,3.60,1.00
2010.09.17 09:16:46.078,0.96745,0.96775,1.00,1.00
2010.09.17 09:16:47.510,0.96745,0.96775,1.00,1.00
2010.09.17 09:16:48.414,0.96745,0.96775,1.00,1.00
2010.09.17 09:16:49.069,0.96745,0.96775,1.00,1.60
2010.09.17 09:16:49.184,0.9674,0.96775,4.10,2.10
2010.09.17 09:16:49.301,0.9674,0.96775,1.00,2.10
2010.09.17 09:16:49.409,0.96745,0.96775,2.40,1.00
2010.09.17 09:16:50.560,0.96745,0.96775,2.40,1.00
2010.09.17 09:16:50.897,0.96745,0.9677,2.40,1.00
2010.09.17 09:16:51.237,0.96745,0.96775,2.40,1.00
2010.09.17 09:16:52.795,0.96745,0.96775,2.40,1.00
2010.09.17 09:16:54.212,0.96755,0.96785,1.00,3.20
2010.09.17 09:16:55.071,0.96745,0.96775,1.00,1.60
2010.09.17 09:16:55.417,0.9675,0.96785,1.60,1.00
2010.09.17 09:16:56.292,0.96745,0.96785,2.00,1.60
2010.09.17 09:16:56.631,0.96745,0.96785,2.10,1.70
2010.09.17 09:16:58.150,0.96735,0.96775,3.70,1.60
2010.09.17 09:16:58.490,0.96735,0.96775,2.00,3.20
2010.09.17 09:16:59.607,0.96735,0.96775,2.00,3.30
2010.09.17 09:17:00.207,0.96735,0.9677,2.00,1.00
2010.09.17 09:17:01.185,0.9674,0.96775,1.00,3.20
2010.09.17 09:17:01.449,0.9674,0.9677,2.40,1.00
2010.09.17 09:17:02.718,0.9674,0.9677,2.40,1.00
2010.09.17 09:17:02.948,0.96735,0.9677,1.60,4.50
2010.09.17 09:17:03.504,0.9673,0.9677,2.10,6.10
2010.09.17 09:17:03.800,0.96735,0.9677,1.00,6.10
2010.09.17 09:17:04.464,0.96735,0.9677,1.00,6.20
2010.09.17 09:17:06.439,0.9673,0.9677,2.20,6.20
2010.09.17 09:17:07.317,0.96735,0.96765,1.00,1.00
2010.09.17 09:17:13.626,0.96735,0.96765,1.60,1.00
2010.09.17 09:17:14.178,0.96735,0.96765,1.00,1.00
2010.09.17 09:17:16.320,0.9673,0.9676,2.10,1.00
2010.09.17 09:17:16.526,0.96735,0.96765,1.00,1.00
2010.09.17 09:17:19.082,0.9673,0.9676,2.10,1.00
2010.09.17 09:17:19.532,0.96735,0.96765,1.00,1.00
2010.09.17 09:17:25.027,0.96735,0.96765,1.00,1.00
2010.09.17 09:17:25.350,0.9673,0.96765,2.00,1.00
2010.09.17 09:17:25.877,0.96735,0.96765,1.00,1.00
2010.09.17 09:17:26.216,0.9673,0.96765,4.00,1.00
2010.09.17 09:17:26.881,0.96735,0.9677,1.70,3.00
2010.09.17 09:17:29.295,0.96735,0.9677,3.30,3.00
2010.09.17 09:17:29.469,0.96735,0.96775,3.60,1.00
2010.09.17 09:17:29.787,0.96735,0.96775,5.20,1.00
2010.09.17 09:17:30.669,0.96735,0.96775,3.60,1.00
2010.09.17 09:17:31.009,0.96735,0.96775,3.70,1.00
2010.09.17 09:17:31.349,0.96735,0.96775,1.00,3.20
2010.09.17 09:17:32.149,0.96735,0.9678,3.70,6.20
2010.09.17 09:17:32.834,0.96735,0.96775,3.70,1.00
2010.09.17 09:17:34.398,0.9674,0.9678,1.00,6.20
2010.09.17 09:17:35.210,0.9674,0.9678,1.00,3.60
2010.09.17 09:17:35.508,0.9674,0.96785,3.80,3.80
2010.09.17 09:17:36.387,0.9674,0.9678,1.80,4.40
2010.09.17 09:17:36.658,0.9674,0.9678,1.00,6.00
2010.09.17 09:17:37.468,0.9674,0.9678,1.00,6.20
2010.09.17 09:17:39.270,0.9674,0.9678,1.00,6.10
2010.09.17 09:17:39.539,0.9675,0.9678,1.60,2.80
2010.09.17 09:17:40.342,0.96745,0.96785,5.00,2.20
2010.09.17 09:17:40.614,0.96745,0.96785,5.20,1.00
2010.09.17 09:17:40.960,0.96745,0.9678,5.20,1.00
2010.09.17 09:17:42.337,0.96745,0.9678,5.20,1.00
2010.09.17 09:17:43.004,0.96745,0.9678,3.60,1.60
2010.09.17 09:17:43.359,0.96735,0.96775,5.20,1.00
2010.09.17 09:17:43.704,0.9674,0.96775,1.00,1.00
2010.09.17 09:17:44.894,0.9673,0.96765,1.00,1.00
2010.09.17 09:17:47.670,0.96725,0.9676,1.00,3.00
2010.09.17 09:17:48.790,0.96725,0.96765,1.00,3.80
2010.09.17 09:17:49.233,0.96725,0.96755,1.00,1.00
2010.09.17 09:17:50.987,0.9672,0.96755,2.60,1.00
2010.09.17 09:17:51.928,0.9672,0.96755,1.00,1.00
2010.09.17 09:17:56.904,0.96715,0.9675,5.20,1.00
2010.09.17 09:17:57.248,0.96715,0.9675,1.00,1.00
2010.09.17 09:17:58.160,0.96715,0.96745,1.00,1.00
2010.09.17 09:18:00.902,0.9672,0.9675,1.00,1.00
2010.09.17 09:18:01.579,0.96715,0.96745,1.00,1.00
2010.09.17 09:18:02.664,0.9672,0.9675,1.00,1.00
2010.09.17 09:18:03.232,0.96715,0.96745,1.00,1.00
2010.09.17 09:18:03.467,0.9671,0.96745,4.00,1.00
2010.09.17 09:18:04.203,0.9671,0.9675,2.20,3.80
2010.09.17 09:18:04.300,0.96715,0.96745,1.00,1.00
2010.09.17 09:18:05.695,0.9671,0.96745,3.20,1.00
2010.09.17 09:18:07.086,0.96715,0.9675,1.00,4.60
2010.09.17 09:18:08.741,0.9671,0.96745,1.70,1.00
2010.09.17 09:18:09.078,0.9671,0.96745,1.00,1.00
2010.09.17 09:18:09.919,0.9671,0.9674,1.00,2.80
2010.09.17 09:18:10.261,0.9671,0.96745,1.00,1.00
2010.09.17 09:18:11.015,0.9671,0.96745,3.60,1.00
2010.09.17 09:18:11.290,0.96715,0.9675,1.00,1.00
2010.09.17 09:18:12.492,0.96715,0.96755,1.00,3.30
2010.09.17 09:18:13.219,0.9672,0.9675,1.00,1.00
2010.09.17 09:18:14.085,0.9672,0.96755,1.00,3.20
2010.09.17 09:18:14.316,0.9673,0.96765,1.00,1.00
2010.09.17 09:18:15.609,0.9673,0.96765,1.00,1.00
2010.09.17 09:18:15.884,0.9673,0.9676,1.00,1.60
2010.09.17 09:18:16.628,0.9673,0.9676,1.00,1.60
2010.09.17 09:18:16.974,0.9673,0.9676,1.00,1.60
2010.09.17 09:18:18.014,0.9673,0.9676,1.00,1.60
2010.09.17 09:18:18.368,0.9673,0.96765,2.10,1.00
2010.09.17 09:18:19.430,0.9673,0.96765,2.00,1.00
2010.09.17 09:18:19.776,0.9673,0.96765,1.00,1.00
2010.09.17 09:18:20.941,0.9673,0.96765,2.00,1.00
2010.09.17 09:18:21.284,0.9673,0.9677,2.10,1.70
2010.09.17 09:18:21.630,0.96735,0.9677,1.00,1.70
2010.09.17 09:18:22.683,0.96725,0.9676,2.50,2.80
2010.09.17 09:18:22.950,0.96725,0.96765,5.30,1.00
2010.09.17 09:18:23.550,0.96725,0.9676,5.30,4.00
2010.09.17 09:18:23.831,0.96725,0.9676,2.10,4.50
2010.09.17 09:18:24.090,0.96725,0.9676,2.20,1.00
2010.09.17 09:18:24.349,0.96725,0.9676,5.40,1.00
2010.09.17 09:18:25.648,0.96725,0.96765,5.40,1.00
2010.09.17 09:18:28.666,0.9673,0.9676,1.00,1.00
2010.09.17 09:18:36.954,0.96725,0.9676,5.40,1.00
2010.09.17 09:18:37.212,0.96725,0.9676,7.00,1.00
2010.09.17 09:18:37.461,0.96735,0.96765,1.00,1.00
2010.09.17 09:18:37.711,0.96735,0.96765,1.00,1.00
2010.09.17 09:18:38.480,0.96735,0.96765,1.00,1.00
2010.09.17 09:18:43.998,0.96735,0.9677,1.00,1.70
2010.09.17 09:18:44.339,0.9673,0.96765,2.00,1.00
2010.09.17 09:18:45.131,0.96735,0.9677,2.00,3.20
2010.09.17 09:18:45.474,0.96725,0.9676,1.00,1.00
2010.09.17 09:18:46.338,0.96725,0.96765,1.00,3.30
2010.09.17 09:18:46.687,0.9673,0.9676,2.00,1.00
2010.09.17 09:18:47.031,0.96735,0.9676,1.60,1.00
2010.09.17 09:18:47.833,0.9674,0.9677,1.00,1.00
2010.09.17 09:18:48.854,0.9674,0.96765,1.00,1.00
2010.09.17 09:18:50.511,0.9674,0.9677,1.00,1.00
2010.09.17 09:18:51.941,0.9674,0.96765,1.00,1.00
2010.09.17 09:18:53.410,0.9674,0.9677,1.00,1.00
2010.09.17 09:18:53.729,0.9673,0.96765,2.00,1.00
2010.09.17 09:18:54.762,0.9673,0.96765,4.40,1.00
2010.09.17 09:18:55.092,0.9673,0.96765,7.60,1.00
2010.09.17 09:18:55.421,0.9674,0.9677,1.00,1.00
2010.09.17 09:18:56.290,0.9673,0.96765,7.60,1.00
2010.09.17 09:18:57.516,0.9674,0.9677,1.00,1.00
2010.09.17 09:19:01.267,0.96735,0.9677,3.80,1.00
2010.09.17 09:19:01.583,0.96735,0.9677,2.20,1.00
2010.09.17 09:19:01.750,0.96735,0.9677,2.00,1.00
2010.09.17 09:19:01.909,0.9674,0.9677,1.00,1.00
2010.09.17 09:19:02.560,0.96735,0.9676,3.20,2.80
2010.09.17 09:19:02.726,0.9673,0.9676,1.00,4.40
2010.09.17 09:19:03.012,0.9673,0.9676,1.00,8.70
2010.09.17 09:19:03.799,0.9673,0.96755,1.00,2.00
2010.09.17 09:19:04.083,0.9673,0.96755,1.00,1.00
2010.09.17 09:19:04.641,0.9674,0.9676,1.00,4.40
2010.09.17 09:19:05.429,0.9672,0.96755,1.00,1.00
2010.09.17 09:19:05.751,0.9672,0.96755,1.00,1.00
2010.09.17 09:19:06.503,0.9672,0.9675,1.00,1.00
2010.09.17 09:19:07.789,0.9672,0.96755,3.60,1.00
2010.09.17 09:19:09.041,0.9672,0.9675,3.70,1.00
2010.09.17 09:19:13.880,0.96725,0.96755,2.00,1.00
2010.09.17 09:19:14.774,0.96725,0.96755,2.10,1.00
2010.09.17 09:19:15.243,0.96725,0.96755,2.00,1.00
2010.09.17 09:19:15.820,0.96725,0.9676,2.20,4.60
2010.09.17 09:19:18.777,0.96725,0.96755,2.00,1.00
2010.09.17 09:19:19.377,0.96725,0.9676,2.20,4.60
2010.09.17 09:19:21.106,0.96725,0.96755,2.00,1.00
2010.09.17 09:19:23.083,0.96725,0.9676,2.20,4.60
2010.09.17 09:19:23.863,0.96725,0.9676,1.00,4.60
2010.09.17 09:19:24.144,0.96725,0.9676,2.00,6.20
2010.09.17 09:19:24.431,0.96725,0.96755,1.00,1.00
2010.09.17 09:19:25.255,0.9672,0.96755,1.00,1.00
2010.09.17 09:19:26.190,0.9672,0.96755,3.70,1.00
2010.09.17 09:19:26.536,0.96725,0.9676,4.80,1.00
2010.09.17 09:19:26.885,0.96725,0.9676,1.00,1.00
2010.09.17 09:19:28.032,0.96715,0.96755,1.00,3.70
2010.09.17 09:19:29.517,0.96715,0.9675,1.00,1.00
2010.09.17 09:19:31.436,0.96715,0.96755,1.00,3.80
2010.09.17 09:19:32.440,0.96715,0.96745,1.00,1.00
2010.09.17 09:19:39.479,0.96715,0.9675,1.60,1.00
2010.09.17 09:19:39.708,0.9672,0.9675,1.00,1.00
2010.09.17 09:19:40.749,0.9672,0.9675,1.00,1.00
2010.09.17 09:19:46.718,0.9672,0.9676,3.20,5.30
2010.09.17 09:19:47.388,0.96725,0.9676,4.80,1.00
2010.09.17 09:19:47.734,0.9673,0.9676,1.00,1.00
2010.09.17 09:19:47.909,0.9672,0.9676,8.80,1.00
2010.09.17 09:19:48.087,0.9672,0.9676,7.20,1.00
2010.09.17 09:19:48.636,0.9672,0.96755,7.20,1.00
2010.09.17 09:19:48.812,0.96725,0.9676,1.00,1.00
2010.09.17 09:19:55.549,0.9672,0.96755,6.40,1.00
2010.09.17 09:19:56.171,0.9672,0.96755,6.20,1.00
2010.09.17 09:19:56.801,0.9672,0.96755,6.10,1.00
2010.09.17 09:19:57.089,0.9672,0.96755,1.00,1.00
2010.09.17 09:19:57.668,0.9672,0.96755,1.00,1.00
2010.09.17 09:20:01.935,0.96715,0.9675,3.30,1.00
2010.09.17 09:20:02.283,0.96715,0.96745,3.20,1.00
2010.09.17 09:20:03.101,0.96715,0.96745,3.20,1.00
2010.09.17 09:20:03.402,0.9671,0.96745,1.00,1.00
2010.09.17 09:20:04.381,0.9671,0.96745,1.00,1.00
2010.09.17 09:20:04.680,0.9671,0.96745,1.00,1.00
2010.09.17 09:20:05.340,0.9671,0.9674,1.00,1.00
2010.09.17 09:20:06.598,0.9671,0.96745,1.00,1.00
2010.09.17 09:20:06.757,0.9671,0.96745,1.00,1.00
2010.09.17 09:20:07.450,0.9671,0.96745,1.00,2.20
2010.09.17 09:20:07.788,0.9671,0.96745,1.00,3.80
2010.09.17 09:20:08.371,0.96705,0.96745,1.00,3.80
2010.09.17 09:20:09.160,0.96705,0.9674,1.00,1.00
2010.09.17 09:20:10.661,0.96715,0.9675,3.20,1.00
2010.09.17 09:20:10.882,0.9671,0.9675,6.40,1.00
2010.09.17 09:20:12.191,0.96715,0.96745,1.00,1.00
2010.09.17 09:20:13.220,0.96715,0.9675,1.00,1.00
2010.09.17 09:20:13.438,0.96715,0.9675,1.00,1.00
2010.09.17 09:20:14.176,0.96725,0.96755,1.00,1.00
2010.09.17 09:20:15.983,0.96725,0.96755,1.00,1.00
2010.09.17 09:20:16.327,0.96715,0.96745,1.00,1.60
2010.09.17 09:20:16.434,0.96715,0.96745,1.00,3.20
2010.09.17 09:20:17.359,0.96715,0.9675,1.00,3.30
2010.09.17 09:20:17.697,0.96715,0.9675,1.00,3.30
2010.09.17 09:20:19.113,0.96715,0.96745,1.00,1.00
2010.09.17 09:20:23.238,0.96715,0.96745,1.00,1.00
2010.09.17 09:20:23.939,0.9671,0.96745,2.10,1.00
2010.09.17 09:20:24.057,0.9671,0.96745,1.00,1.00
2010.09.17 09:20:25.540,0.9671,0.9674,1.00,1.00
2010.09.17 09:20:26.961,0.96705,0.9674,1.00,1.00
2010.09.17 09:20:27.288,0.96705,0.96735,1.00,1.00
2010.09.17 09:20:32.857,0.9671,0.9674,1.00,1.00
2010.09.17 09:20:33.008,0.96705,0.9674,1.00,1.00
2010.09.17 09:20:33.792,0.9671,0.9674,1.00,1.00
2010.09.17 09:20:34.133,0.96705,0.9674,1.00,1.00
2010.09.17 09:20:35.588,0.96705,0.9674,1.00,1.00
2010.09.17 09:20:38.426,0.96705,0.9674,2.00,1.00
2010.09.17 09:20:38.674,0.96705,0.9674,1.00,1.00
2010.09.17 09:20:39.808,0.96705,0.9674,2.00,4.00
2010.09.17 09:20:40.062,0.967,0.96735,2.00,2.40
2010.09.17 09:20:40.309,0.96695,0.96725,3.20,1.00
2010.09.17 09:20:41.219,0.9669,0.9673,3.00,3.30
2010.09.17 09:20:42.440,0.9669,0.96725,3.00,1.00
2010.09.17 09:20:42.717,0.9669,0.96725,3.00,1.70
2010.09.17 09:20:43.778,0.9669,0.96725,3.00,1.70
2010.09.17 09:20:44.118,0.96695,0.9673,1.70,1.70
2010.09.17 09:20:44.462,0.9669,0.96725,6.20,1.70
2010.09.17 09:20:45.287,0.9669,0.9672,1.00,1.60
2010.09.17 09:20:45.549,0.9669,0.9672,1.00,1.60
2010.09.17 09:20:46.491,0.9669,0.9672,1.00,1.70
2010.09.17 09:20:47.990,0.967,0.96735,1.00,1.00
2010.09.17 09:20:48.179,0.96705,0.9674,1.00,4.90
2010.09.17 09:20:48.762,0.96705,0.9674,1.00,4.80
2010.09.17 09:20:48.963,0.967,0.9674,1.20,3.70
2010.09.17 09:20:49.799,0.967,0.9674,1.00,2.10
2010.09.17 09:20:50.142,0.967,0.9674,2.00,2.10
2010.09.17 09:20:50.480,0.96705,0.9674,1.60,1.00
2010.09.17 09:20:51.000,0.96705,0.9674,3.20,1.00
2010.09.17 09:20:51.345,0.967,0.9674,4.10,1.00
2010.09.17 09:20:52.502,0.967,0.9674,4.20,1.00
2010.09.17 09:20:52.817,0.967,0.9674,2.10,2.20
2010.09.17 09:20:53.641,0.967,0.9674,2.10,2.20
2010.09.17 09:20:53.981,0.96705,0.9674,5.20,1.00
2010.09.17 09:20:54.318,0.967,0.9674,2.10,2.20
2010.09.17 09:20:55.572,0.967,0.96735,2.10,1.00
2010.09.17 09:20:56.780,0.967,0.96735,2.00,1.00
2010.09.17 09:20:57.122,0.967,0.96735,1.00,1.00
2010.09.17 09:20:58.036,0.967,0.96735,1.00,1.00
2010.09.17 09:20:58.280,0.967,0.96735,1.00,1.00
2010.09.17 09:20:58.531,0.967,0.96735,2.20,1.00
2010.09.17 09:20:59.279,0.96695,0.96735,5.40,1.00
2010.09.17 09:20:59.618,0.96695,0.96735,5.80,1.00
2010.09.17 09:21:00.963,0.967,0.96735,1.00,1.00
2010.09.17 09:21:01.298,0.96695,0.9673,3.80,1.00
2010.09.17 09:21:02.110,0.96695,0.9673,1.00,1.00
2010.09.17 09:21:02.670,0.9669,0.9673,2.10,1.00
2010.09.17 09:21:03.650,0.96695,0.9673,1.00,1.00
2010.09.17 09:21:04.467,0.96695,0.9673,1.00,1.00
2010.09.17 09:21:05.002,0.96695,0.9673,1.60,1.00
2010.09.17 09:21:05.341,0.967,0.96745,3.80,3.80
2010.09.17 09:21:05.678,0.96705,0.96745,3.20,1.00
2010.09.17 09:21:06.462,0.96705,0.96745,3.30,1.00
2010.09.17 09:21:06.699,0.96705,0.96745,3.20,1.00
2010.09.17 09:21:06.939,0.96705,0.9674,3.30,1.00
2010.09.17 09:21:07.178,0.96705,0.9674,1.70,1.00
2010.09.17 09:21:07.751,0.96705,0.96745,2.10,3.80
2010.09.17 09:21:08.098,0.9671,0.96745,3.60,1.00
2010.09.17 09:21:08.439,0.9671,0.96745,3.60,1.00
2010.09.17 09:21:09.590,0.9671,0.96745,3.70,1.00
2010.09.17 09:21:11.059,0.967,0.9674,3.00,7.80
2010.09.17 09:21:11.279,0.967,0.9674,3.80,1.00
2010.09.17 09:21:11.498,0.967,0.9674,3.80,1.00
2010.09.17 09:21:12.057,0.967,0.9674,3.80,1.00
2010.09.17 09:21:12.360,0.96705,0.9674,1.00,1.00
2010.09.17 09:21:12.968,0.96705,0.9674,2.00,1.00
2010.09.17 09:21:13.716,0.96705,0.96745,3.60,1.60
2010.09.17 09:21:14.052,0.9671,0.96745,3.60,1.00
2010.09.17 09:21:14.389,0.9671,0.96745,4.00,1.00
2010.09.17 09:21:14.609,0.9671,0.96745,4.10,1.00
2010.09.17 09:21:15.688,0.96715,0.96745,1.00,1.00
2010.09.17 09:21:16.516,0.96715,0.96745,1.00,1.00
2010.09.17 09:21:16.669,0.96715,0.96755,1.00,3.70
2010.09.17 09:21:17.011,0.96715,0.96755,1.00,3.60
2010.09.17 09:21:17.843,0.96715,0.9676,3.60,3.40
2010.09.17 09:21:18.099,0.96715,0.9676,3.70,3.60
2010.09.17 09:21:18.350,0.96715,0.96755,3.70,1.00
2010.09.17 09:21:18.599,0.9671,0.96755,9.00,3.60
2010.09.17 09:21:18.851,0.96715,0.96755,1.00,3.70
2010.09.17 09:21:19.949,0.96715,0.9675,1.00,1.00
2010.09.17 09:21:20.607,0.9671,0.9675,6.60,1.00
2010.09.17 09:21:21.917,0.9671,0.9675,2.10,3.20
2010.09.17 09:21:22.261,0.9671,0.9675,5.30,1.00
2010.09.17 09:21:23.099,0.9671,0.96755,7.80,3.30
2010.09.17 09:21:23.417,0.96715,0.96755,1.00,3.20
2010.09.17 09:21:24.471,0.9671,0.9675,3.70,1.00
2010.09.17 09:21:26.657,0.9671,0.96745,3.80,1.00
2010.09.17 09:21:29.616,0.96725,0.96745,1.60,1.00
2010.09.17 09:21:29.829,0.96725,0.96755,4.80,1.00
2010.09.17 09:21:30.689,0.96715,0.9675,2.00,4.50
2010.09.17 09:21:31.036,0.9671,0.96755,4.20,4.50
2010.09.17 09:21:31.868,0.9671,0.96755,3.60,4.80
2010.09.17 09:21:32.215,0.96705,0.96745,1.00,3.80
2010.09.17 09:21:32.560,0.9671,0.96745,1.00,1.00
2010.09.17 09:21:33.386,0.9671,0.9675,1.00,4.90
2010.09.17 09:21:33.652,0.9671,0.9675,1.00,3.30
2010.09.17 09:21:33.910,0.9671,0.96745,1.00,1.00
2010.09.17 09:21:34.171,0.9671,0.96745,1.00,1.00
2010.09.17 09:21:34.989,0.9671,0.96745,1.00,1.00
2010.09.17 09:21:36.873,0.9671,0.9674,1.00,1.00
2010.09.17 09:21:37.578,0.9671,0.96745,1.00,1.00
2010.09.17 09:21:37.787,0.9671,0.96745,1.00,1.00
2010.09.17 09:21:38.659,0.9671,0.96745,3.70,1.00
2010.09.17 09:21:39.577,0.9671,0.96745,3.60,1.00
2010.09.17 09:21:41.387,0.96715,0.96745,1.00,1.00
2010.09.17 09:21:42.065,0.9671,0.96745,3.80,1.00
2010.09.17 09:21:49.768,0.9671,0.96745,3.70,1.00
2010.09.17 09:21:50.020,0.9671,0.96745,2.10,1.00
2010.09.17 09:21:50.850,0.967,0.9674,7.80,1.00
2010.09.17 09:21:51.672,0.96705,0.96735,1.60,1.00
2010.09.17 09:21:52.015,0.96695,0.96735,6.00,1.00
2010.09.17 09:21:52.865,0.96695,0.96735,1.00,3.70
2010.09.17 09:21:53.222,0.96695,0.9673,2.00,1.60
2010.09.17 09:21:54.104,0.96695,0.9673,2.60,1.00
2010.09.17 09:21:54.454,0.9669,0.96735,6.00,3.80
2010.09.17 09:21:55.323,0.9669,0.96735,3.60,3.80
2010.09.17 09:21:55.664,0.9669,0.96735,6.00,3.80
2010.09.17 09:21:56.011,0.9669,0.9673,6.00,1.00
2010.09.17 09:21:56.819,0.9669,0.9673,3.20,1.00
2010.09.17 09:21:57.121,0.96685,0.96725,3.60,1.00
2010.09.17 09:21:57.421,0.96685,0.96725,2.00,3.20
2010.09.17 09:21:59.480,0.96685,0.9672,2.00,1.00
2010.09.17 09:21:59.829,0.96685,0.9672,3.60,1.00
2010.09.17 09:22:00.168,0.9669,0.9672,1.00,1.00
2010.09.17 09:22:08.449,0.9669,0.96725,1.00,3.20
2010.09.17 09:22:09.295,0.967,0.96735,1.00,1.00
2010.09.17 09:22:10.660,0.967,0.96735,2.10,1.00
2010.09.17 09:22:11.318,0.967,0.96735,4.50,1.00
2010.09.17 09:22:11.869,0.967,0.96735,2.90,1.00
2010.09.17 09:22:12.502,0.967,0.96735,4.50,1.00
2010.09.17 09:22:13.514,0.96705,0.9674,3.20,1.00
2010.09.17 09:22:14.450,0.96705,0.96745,3.30,1.00
2010.09.17 09:22:16.921,0.9671,0.96745,1.00,1.00
2010.09.17 09:22:17.600,0.96705,0.9674,3.30,1.00
2010.09.17 09:22:19.690,0.96705,0.96745,3.30,1.00
2010.09.17 09:22:20.325,0.96705,0.96745,5.00,1.00
2010.09.17 09:22:20.641,0.9671,0.96745,4.00,1.00
2010.09.17 09:22:20.868,0.9671,0.96745,4.20,1.00
2010.09.17 09:22:21.100,0.9671,0.96745,4.10,1.00
2010.09.17 09:22:21.328,0.9671,0.96745,3.20,1.00
2010.09.17 09:22:21.788,0.9671,0.96745,1.00,1.00
2010.09.17 09:22:22.722,0.9671,0.9674,1.00,1.00
2010.09.17 09:22:26.917,0.9671,0.96745,1.00,1.00
2010.09.17 09:22:27.118,0.9671,0.96745,2.10,1.00
2010.09.17 09:22:27.319,0.9671,0.96745,3.80,1.00
2010.09.17 09:22:27.848,0.9671,0.96745,3.70,1.00
2010.09.17 09:22:28.130,0.9671,0.9674,3.20,1.00
2010.09.17 09:22:28.408,0.96705,0.9674,3.60,1.00
2010.09.17 09:22:28.688,0.96705,0.9674,1.00,1.00
2010.09.17 09:22:29.481,0.96715,0.96745,2.00,1.00
2010.09.17 09:22:29.768,0.96715,0.9675,2.00,4.60
2010.09.17 09:22:30.577,0.96715,0.96745,2.00,1.00
2010.09.17 09:22:31.439,0.96715,0.96745,2.00,1.00
2010.09.17 09:22:35.469,0.9671,0.9675,6.10,4.60
2010.09.17 09:22:35.678,0.9671,0.9675,2.90,6.20
2010.09.17 09:22:36.191,0.9671,0.9675,1.00,7.80
2010.09.17 09:22:36.534,0.96715,0.96745,1.00,1.00
2010.09.17 09:22:36.749,0.96715,0.96745,2.00,1.00
2010.09.17 09:22:37.669,0.96715,0.9675,2.00,4.60
2010.09.17 09:22:38.922,0.96715,0.96745,2.00,1.00
2010.09.17 09:22:44.658,0.96715,0.9675,2.20,4.60
2010.09.17 09:22:46.648,0.96715,0.96745,2.00,1.00
2010.09.17 09:22:47.341,0.96715,0.9675,2.00,4.60
2010.09.17 09:22:47.880,0.96715,0.96745,2.00,1.00
2010.09.17 09:22:51.527,0.96715,0.96745,2.00,1.00
2010.09.17 09:22:51.778,0.9671,0.96745,1.20,1.00
2010.09.17 09:22:52.029,0.9671,0.96745,1.00,3.20
2010.09.17 09:22:52.279,0.96705,0.96745,1.00,3.70
2010.09.17 09:22:53.198,0.96705,0.9674,1.00,1.00
2010.09.17 09:22:53.558,0.967,0.9674,6.60,1.00
2010.09.17 09:22:53.678,0.96705,0.96745,1.00,3.80
2010.09.17 09:22:53.797,0.96705,0.9674,1.00,1.60
2010.09.17 09:22:53.919,0.967,0.96735,4.90,1.00
2010.09.17 09:22:54.038,0.967,0.9674,2.80,5.30
2010.09.17 09:22:54.715,0.967,0.9674,1.00,7.70
2010.09.17 09:22:54.893,0.967,0.96735,4.10,1.00
2010.09.17 09:22:55.360,0.967,0.96735,4.00,1.00
2010.09.17 09:22:55.869,0.967,0.96735,2.40,1.00
2010.09.17 09:22:56.909,0.967,0.96735,2.60,1.00
2010.09.17 09:22:57.353,0.967,0.9673,2.50,1.00
2010.09.17 09:22:57.598,0.967,0.9673,4.10,1.00
2010.09.17 09:22:59.059,0.967,0.9673,2.50,1.00
2010.09.17 09:23:00.781,0.967,0.96735,4.20,1.00
2010.09.17 09:23:01.267,0.967,0.96735,3.80,1.00
2010.09.17 09:23:02.149,0.967,0.96735,3.60,1.00
2010.09.17 09:23:03.907,0.967,0.96735,3.80,1.00
2010.09.17 09:23:07.340,0.96695,0.96735,5.40,1.00
2010.09.17 09:23:07.680,0.967,0.96735,1.00,1.00
2010.09.17 09:23:08.508,0.967,0.9673,1.00,1.00
2010.09.17 09:23:10.420,0.967,0.96735,1.00,1.00
2010.09.17 09:23:10.784,0.967,0.96735,1.00,1.00
2010.09.17 09:23:11.640,0.967,0.9674,4.20,1.00
2010.09.17 09:23:12.539,0.96705,0.9674,1.00,1.00
2010.09.17 09:23:13.529,0.967,0.96735,4.20,1.00
2010.09.17 09:23:17.741,0.96705,0.9674,1.00,1.00
2010.09.17 09:23:18.590,0.9672,0.9675,1.00,1.00
2010.09.17 09:23:18.870,0.96715,0.96745,1.60,1.00
2010.09.17 09:23:19.148,0.9671,0.96745,1.00,1.00
2010.09.17 09:23:19.428,0.9671,0.96745,1.00,1.00
2010.09.17 09:23:20.302,0.9671,0.96745,3.70,1.00
2010.09.17 09:23:20.639,0.9671,0.96745,3.20,1.00
2010.09.17 09:23:20.928,0.96705,0.96745,5.80,1.00
2010.09.17 09:23:21.709,0.9671,0.9674,1.00,1.00
2010.09.17 09:23:21.998,0.96705,0.9674,5.70,1.00
2010.09.17 09:23:22.218,0.96705,0.9674,3.20,1.00
2010.09.17 09:23:22.438,0.96705,0.9674,1.00,1.00
2010.09.17 09:23:23.549,0.96705,0.96735,1.00,1.00
2010.09.17 09:23:25.539,0.967,0.9674,5.40,1.00
2010.09.17 09:23:26.062,0.967,0.9674,7.80,1.00
2010.09.17 09:23:26.158,0.96705,0.9674,3.60,1.00
2010.09.17 09:23:26.241,0.96705,0.9674,5.20,1.00
2010.09.17 09:23:26.507,0.9671,0.9674,1.00,1.00
2010.09.17 09:23:43.240,0.96705,0.9674,5.30,1.00
2010.09.17 09:23:43.318,0.96705,0.9674,3.70,1.00
2010.09.17 09:23:43.457,0.96705,0.9674,3.20,1.00
2010.09.17 09:23:44.432,0.96705,0.9674,1.00,1.00
2010.09.17 09:23:44.708,0.96705,0.96735,1.00,1.00
2010.09.17 09:23:48.152,0.96705,0.9674,5.20,1.00
2010.09.17 09:23:48.338,0.9671,0.9674,1.00,1.00
2010.09.17 09:23:49.323,0.967,0.9674,1.00,7.80
2010.09.17 09:23:49.659,0.967,0.96735,1.00,1.00
2010.09.17 09:23:51.390,0.96695,0.9673,7.60,1.00
2010.09.17 09:23:51.628,0.967,0.96735,1.00,1.00
2010.09.17 09:23:52.189,0.96695,0.96735,2.10,2.00
2010.09.17 09:23:52.432,0.967,0.9674,3.60,1.00
2010.09.17 09:23:52.748,0.967,0.96735,3.60,1.00
2010.09.17 09:23:53.441,0.967,0.96735,3.70,1.00
2010.09.17 09:23:54.539,0.967,0.96735,3.60,1.00
2010.09.17 09:23:54.748,0.967,0.96735,3.20,1.00
2010.09.17 09:23:55.434,0.967,0.96735,1.60,1.00
2010.09.17 09:23:55.652,0.96695,0.96735,5.40,1.00
2010.09.17 09:23:55.982,0.96695,0.9673,5.30,1.60
2010.09.17 09:23:56.311,0.96695,0.9673,2.10,4.50
2010.09.17 09:23:57.688,0.96695,0.9673,2.00,4.60
2010.09.17 09:23:57.861,0.96695,0.96725,2.10,1.00
2010.09.17 09:23:58.149,0.96695,0.9673,2.10,4.50
2010.09.17 09:23:58.279,0.96695,0.9673,2.10,2.10
2010.09.17 09:23:58.863,0.967,0.9673,1.00,1.00
2010.09.17 09:23:59.405,0.967,0.96735,1.00,1.00
2010.09.17 09:24:00.411,0.967,0.9673,1.00,1.00
2010.09.17 09:24:07.969,0.96705,0.96735,1.60,1.00
2010.09.17 09:24:08.118,0.96705,0.96735,2.00,1.00
2010.09.17 09:24:09.790,0.967,0.9673,5.20,2.40
2010.09.17 09:24:09.875,0.967,0.96735,3.60,1.00
2010.09.17 09:24:10.450,0.967,0.96735,3.20,1.00
2010.09.17 09:24:10.540,0.967,0.96735,1.00,1.00
2010.09.17 09:24:11.405,0.96695,0.9673,6.90,1.00
2010.09.17 09:24:12.089,0.967,0.96735,1.00,1.00
2010.09.17 09:24:12.848,0.967,0.96735,1.00,1.00
2010.09.17 09:24:13.141,0.967,0.96735,3.60,1.00
2010.09.17 09:24:13.440,0.96705,0.9674,2.00,1.00
2010.09.17 09:24:13.755,0.96705,0.9674,6.80,1.00
2010.09.17 09:24:15.412,0.9671,0.9674,1.00,1.00
2010.09.17 09:24:21.555,0.9671,0.9674,1.00,1.00
2010.09.17 09:24:23.461,0.9671,0.96745,1.00,1.00
2010.09.17 09:24:24.441,0.9671,0.96755,4.00,3.20
2010.09.17 09:24:24.780,0.96715,0.96755,3.20,1.00
2010.09.17 09:24:25.833,0.9671,0.96755,6.40,3.70
2010.09.17 09:24:26.457,0.9671,0.9675,2.00,2.80
2010.09.17 09:24:26.622,0.9671,0.96755,4.10,4.00
2010.09.17 09:24:27.829,0.9671,0.9675,4.20,1.00
2010.09.17 09:24:28.408,0.9671,0.96745,4.00,1.00
2010.09.17 09:24:29.029,0.9671,0.9675,6.40,1.00
2010.09.17 09:24:29.317,0.96705,0.9674,5.30,1.00
2010.09.17 09:24:31.046,0.9671,0.96745,1.00,1.00
2010.09.17 09:24:31.368,0.9671,0.96745,1.00,1.00
2010.09.17 09:24:31.569,0.9671,0.96745,4.20,1.00
2010.09.17 09:24:32.711,0.9671,0.96745,4.00,1.00
2010.09.17 09:24:33.559,0.96715,0.96745,1.00,1.00
2010.09.17 09:24:36.338,0.96715,0.9675,1.00,1.00
2010.09.17 09:24:37.531,0.9671,0.96745,3.80,1.00
2010.09.17 09:24:56.538,0.96715,0.9675,1.00,1.00
2010.09.17 09:24:56.748,0.96715,0.9675,1.70,1.00
2010.09.17 09:24:57.388,0.96715,0.9675,2.60,1.00
2010.09.17 09:24:57.621,0.9672,0.9676,2.10,1.70
2010.09.17 09:24:57.850,0.96725,0.9676,3.20,1.00
2010.09.17 09:24:58.812,0.96725,0.9676,3.20,1.00
2010.09.17 09:24:59.090,0.9672,0.96755,3.70,1.00
2010.09.17 09:24:59.648,0.9672,0.9676,3.80,1.00
2010.09.17 09:25:00.338,0.9672,0.9676,4.00,1.00
2010.09.17 09:25:00.683,0.96725,0.96765,1.00,3.80
2010.09.17 09:25:01.018,0.96725,0.9676,1.00,1.00
2010.09.17 09:25:02.440,0.9673,0.9676,1.60,1.00
2010.09.17 09:25:02.670,0.96725,0.96755,5.20,1.00
2010.09.17 09:25:03.401,0.9672,0.96755,3.60,1.00
2010.09.17 09:25:03.641,0.9672,0.9676,3.80,4.60
2010.09.17 09:25:03.878,0.9672,0.96755,3.80,1.00
2010.09.17 09:25:04.508,0.9672,0.96755,2.20,1.00
2010.09.17 09:25:04.638,0.9672,0.96755,1.00,1.00
2010.09.17 09:25:05.067,0.9672,0.96755,1.00,1.00
2010.09.17 09:25:07.643,0.9671,0.96745,1.00,1.00
2010.09.17 09:25:08.859,0.9671,0.96745,1.00,1.00
2010.09.17 09:25:09.478,0.9671,0.9674,1.00,1.00
2010.09.17 09:25:10.079,0.9671,0.96745,2.80,1.00
2010.09.17 09:25:10.359,0.9671,0.9675,6.20,1.00
2010.09.17 09:25:10.923,0.9671,0.9675,3.80,1.00
2010.09.17 09:25:11.198,0.9671,0.9675,1.00,3.30
2010.09.17 09:25:11.298,0.9671,0.96745,1.00,1.00
2010.09.17 09:25:11.389,0.9671,0.9675,1.00,3.20
2010.09.17 09:25:11.488,0.9672,0.9675,1.00,3.20
2010.09.17 09:25:11.578,0.9672,0.9675,1.00,1.60
2010.09.17 09:25:11.670,0.9672,0.9675,1.00,1.00
2010.09.17 09:25:11.858,0.9672,0.9675,1.00,1.60
2010.09.17 09:25:11.951,0.9671,0.9675,6.40,1.60
2010.09.17 09:25:12.790,0.9671,0.96745,1.00,1.00
2010.09.17 09:25:13.128,0.9671,0.96745,1.00,3.30
2010.09.17 09:25:13.427,0.96705,0.96745,1.00,3.30
2010.09.17 09:25:14.821,0.96705,0.9674,1.00,1.00
2010.09.17 09:25:14.979,0.96705,0.96745,1.00,3.30
2010.09.17 09:25:15.481,0.96705,0.96745,1.00,3.80
2010.09.17 09:25:16.048,0.96705,0.96745,1.00,3.60
2010.09.17 09:25:16.226,0.96725,0.96745,1.60,1.60
2010.09.17 09:25:17.055,0.96725,0.96755,4.80,1.00
2010.09.17 09:25:17.403,0.96725,0.9676,5.60,1.00
2010.09.17 09:25:17.744,0.9673,0.9676,1.60,1.00
2010.09.17 09:25:18.520,0.96725,0.9676,5.60,1.00
2010.09.17 09:25:19.038,0.96725,0.9676,5.80,1.00
2010.09.17 09:25:20.642,0.96725,0.9676,5.60,1.00
2010.09.17 09:25:21.669,0.9673,0.9676,1.00,1.00
2010.09.17 09:25:22.929,0.9672,0.96755,3.20,1.00
2010.09.17 09:25:23.189,0.9672,0.9675,1.60,1.00
2010.09.17 09:25:23.744,0.96715,0.9675,1.00,1.00
2010.09.17 09:25:24.429,0.9672,0.9675,1.00,1.00
2010.09.17 09:25:28.147,0.96715,0.9675,1.00,1.00
2010.09.17 09:25:29.538,0.96715,0.9675,3.20,1.00
2010.09.17 09:25:29.709,0.9671,0.9675,5.60,3.20
2010.09.17 09:25:30.411,0.9671,0.9675,8.00,1.00
2010.09.17 09:25:31.099,0.96715,0.9675,1.00,1.00
2010.09.17 09:25:31.954,0.9672,0.96755,1.00,3.20
2010.09.17 09:25:32.251,0.9672,0.96755,2.00,1.00
2010.09.17 09:25:32.827,0.9672,0.96755,3.60,1.00
2010.09.17 09:25:33.171,0.9672,0.96755,3.80,1.00
2010.09.17 09:25:34.680,0.9672,0.96755,3.60,1.00
2010.09.17 09:25:35.018,0.96725,0.9676,1.00,1.00
2010.09.17 09:25:35.913,0.9672,0.96755,3.60,1.00
2010.09.17 09:25:37.150,0.9672,0.9676,3.80,1.00
2010.09.17 09:25:37.388,0.96725,0.96755,1.00,1.00
2010.09.17 09:25:41.077,0.9672,0.9675,2.10,1.00
2010.09.17 09:25:41.449,0.96725,0.96755,1.00,1.00
2010.09.17 09:25:45.890,0.9672,0.96755,3.20,1.00
2010.09.17 09:25:46.230,0.9672,0.96755,3.70,1.00
2010.09.17 09:25:47.148,0.96725,0.96755,1.00,1.00
2010.09.17 09:25:57.648,0.9672,0.96755,3.70,1.00
2010.09.17 09:25:57.737,0.9672,0.96755,3.70,1.00
2010.09.17 09:25:58.351,0.96725,0.96755,1.60,1.00
2010.09.17 09:25:58.623,0.96725,0.9676,2.00,4.50
2010.09.17 09:26:00.112,0.96725,0.96755,2.00,1.00
2010.09.17 09:26:00.367,0.9673,0.9677,2.40,4.90
2010.09.17 09:26:00.616,0.96725,0.96765,3.90,1.00
2010.09.17 09:26:01.248,0.96725,0.96765,3.60,1.00
2010.09.17 09:26:01.600,0.9673,0.9677,6.00,1.00
2010.09.17 09:26:02.889,0.9673,0.96765,6.10,1.00
2010.09.17 09:26:04.114,0.96735,0.96765,1.60,1.00
2010.09.17 09:26:04.389,0.96735,0.9677,5.40,1.00
2010.09.17 09:26:06.081,0.96735,0.9677,1.00,7.70
2010.09.17 09:26:06.641,0.96735,0.96765,1.00,1.00
2010.09.17 09:26:08.195,0.96735,0.9677,1.00,7.80
2010.09.17 09:26:09.470,0.96735,0.9676,1.00,1.00
2010.09.17 09:26:21.785,0.9673,0.9676,1.00,1.00
2010.09.17 09:26:25.373,0.9673,0.9676,2.00,1.00
2010.09.17 09:26:25.499,0.9673,0.96765,6.00,1.00
2010.09.17 09:26:25.846,0.9673,0.96765,3.20,1.00
2010.09.17 09:26:26.401,0.9673,0.96765,1.60,1.00
2010.09.17 09:26:26.749,0.9672,0.9676,6.10,1.00
2010.09.17 09:26:27.090,0.96725,0.9676,1.60,1.00
2010.09.17 09:26:27.896,0.96725,0.9676,3.20,1.00
2010.09.17 09:26:28.133,0.96725,0.9676,1.00,1.00
2010.09.17 09:26:28.369,0.96725,0.9676,3.20,1.00
2010.09.17 09:26:28.989,0.96725,0.96765,3.20,1.00
2010.09.17 09:26:29.669,0.96725,0.96765,3.20,1.00
2010.09.17 09:26:30.009,0.96725,0.96765,1.00,3.20
2010.09.17 09:26:30.724,0.96725,0.96765,3.20,1.00
2010.09.17 09:26:31.456,0.96725,0.9676,3.30,1.00
2010.09.17 09:26:33.728,0.96725,0.9676,1.70,1.00
2010.09.17 09:26:34.070,0.96725,0.9676,1.00,1.00
2010.09.17 09:26:34.409,0.96725,0.96755,1.00,1.00
2010.09.17 09:26:35.215,0.96725,0.9676,1.00,1.00
2010.09.17 09:26:35.588,0.9672,0.9676,3.70,1.00
2010.09.17 09:26:35.748,0.9672,0.9676,6.60,1.00
2010.09.17 09:26:36.500,0.96725,0.9676,1.00,1.00
2010.09.17 09:26:37.799,0.9672,0.9676,6.20,1.00
2010.09.17 09:26:38.499,0.96725,0.9676,1.60,1.00
2010.09.17 09:26:39.018,0.9672,0.9676,3.80,1.00
2010.09.17 09:26:40.348,0.9672,0.96755,3.80,1.00
2010.09.17 09:27:12.143,0.9673,0.96765,2.80,1.00
2010.09.17 09:27:12.359,0.9673,0.96765,6.00,1.00
2010.09.17 09:27:13.402,0.9673,0.96765,6.10,1.00
2010.09.17 09:27:14.491,0.9673,0.96765,6.00,1.00
2010.09.17 09:27:16.098,0.96735,0.96765,1.00,1.00
2010.09.17 09:27:19.691,0.9673,0.9676,6.10,1.00
2010.09.17 09:27:21.021,0.96735,0.96765,1.00,1.00
2010.09.17 09:27:44.350,0.9673,0.96765,2.10,1.00
2010.09.17 09:27:44.469,0.9673,0.96765,1.00,1.00
2010.09.17 09:27:44.698,0.9673,0.96765,1.00,1.00
2010.09.17 09:27:44.919,0.9673,0.96765,2.20,1.00
2010.09.17 09:27:45.497,0.9673,0.96765,6.20,1.00
2010.09.17 09:27:45.761,0.9673,0.96765,6.00,1.00
2010.09.17 09:27:46.581,0.96735,0.96765,1.00,1.00
2010.09.17 09:27:53.279,0.9673,0.96765,6.10,1.00
2010.09.17 09:27:53.508,0.9673,0.96765,3.70,1.00
2010.09.17 09:27:54.130,0.9673,0.96765,1.00,1.00
2010.09.17 09:27:55.439,0.96725,0.9676,6.00,1.00
2010.09.17 09:27:56.589,0.9673,0.96765,1.00,1.00
2010.09.17 09:27:59.382,0.96725,0.96765,5.20,1.00
2010.09.17 09:28:00.578,0.9673,0.96765,1.00,1.00
2010.09.17 09:28:01.828,0.96725,0.96765,5.30,1.00
2010.09.17 09:28:02.445,0.96725,0.9676,5.30,1.00
2010.09.17 09:28:03.493,0.9673,0.96765,1.00,1.00
2010.09.17 09:28:12.051,0.9673,0.96765,1.00,1.00
2010.09.17 09:28:12.363,0.9673,0.9676,1.00,1.00
2010.09.17 09:28:15.238,0.9673,0.96765,1.00,1.00
2010.09.17 09:28:17.350,0.96735,0.96765,1.00,1.00
2010.09.17 09:28:17.991,0.96735,0.9677,1.00,7.80
2010.09.17 09:28:18.277,0.96735,0.96765,1.60,1.00
2010.09.17 09:28:18.560,0.9673,0.96765,1.00,1.00
2010.09.17 09:28:20.534,0.9673,0.96765,1.00,1.00
2010.09.17 09:28:21.691,0.9673,0.9676,1.00,1.00
2010.09.17 09:28:23.451,0.9673,0.96765,1.00,1.00
2010.09.17 09:28:23.791,0.96745,0.9677,1.00,1.60
2010.09.17 09:28:24.700,0.9674,0.9677,1.60,7.70
2010.09.17 09:28:24.910,0.96735,0.96765,1.00,3.20
2010.09.17 09:28:25.510,0.9673,0.96765,2.40,3.20
2010.09.17 09:28:25.856,0.9673,0.96765,3.60,1.00
2010.09.17 09:28:27.374,0.9673,0.9677,3.60,2.90
2010.09.17 09:28:27.521,0.9673,0.96765,3.60,1.00
2010.09.17 09:28:27.881,0.96735,0.9677,1.00,2.90
2010.09.17 09:28:28.030,0.9674,0.9677,1.00,2.90
2010.09.17 09:28:28.859,0.9674,0.9677,1.00,1.00
2010.09.17 09:28:30.091,0.9674,0.96765,1.00,1.00
2010.09.17 09:28:31.282,0.9674,0.9677,1.00,1.00
2010.09.17 09:28:31.589,0.9674,0.9677,1.00,2.90
2010.09.17 09:28:32.248,0.96735,0.9677,1.20,2.90
2010.09.17 09:28:32.572,0.96735,0.9677,1.00,2.90
2010.09.17 09:28:33.442,0.96735,0.96765,1.00,1.00
2010.09.17 09:28:33.989,0.96735,0.9676,1.00,1.00
2010.09.17 09:28:34.619,0.96735,0.96765,1.00,1.00
2010.09.17 09:28:35.644,0.96735,0.9677,1.00,3.00
2010.09.17 09:28:36.311,0.96735,0.9677,5.20,3.00
2010.09.17 09:28:36.571,0.96735,0.9677,5.20,1.00
2010.09.17 09:28:38.982,0.96735,0.9677,5.40,1.00
2010.09.17 09:28:41.776,0.9674,0.9677,1.00,1.00
2010.09.17 09:28:43.273,0.96735,0.9677,1.00,2.80
2010.09.17 09:28:43.612,0.96735,0.96775,1.00,3.20
2010.09.17 09:28:44.810,0.9674,0.96775,1.00,3.20
2010.09.17 09:28:45.455,0.96735,0.9677,1.00,1.00
2010.09.17 09:28:46.379,0.96735,0.9677,1.00,2.90
2010.09.17 09:28:47.179,0.96735,0.9677,1.00,3.00
2010.09.17 09:28:47.990,0.96735,0.96765,1.00,1.00
2010.09.17 09:28:52.079,0.96735,0.96765,1.00,1.00
2010.09.17 09:28:52.280,0.9673,0.96765,2.00,1.00
2010.09.17 09:28:52.448,0.9673,0.96765,1.00,1.00
2010.09.17 09:28:53.510,0.9673,0.9676,1.00,1.00
2010.09.17 09:29:01.384,0.9673,0.96765,1.00,1.00
2010.09.17 09:29:02.811,0.9673,0.9676,1.00,1.00
2010.09.17 09:29:03.488,0.9673,0.96765,1.00,1.00
2010.09.17 09:29:03.828,0.9673,0.96765,1.00,1.00
2010.09.17 09:29:04.503,0.96735,0.96765,1.00,1.00
2010.09.17 09:29:04.595,0.96735,0.9677,1.00,3.00
2010.09.17 09:29:05.432,0.9673,0.96765,1.00,1.00
2010.09.17 09:29:07.187,0.96735,0.96765,1.00,1.00
2010.09.17 09:29:07.454,0.96735,0.9677,1.00,3.00
2010.09.17 09:29:08.463,0.96735,0.96765,1.00,1.00
2010.09.17 09:29:09.969,0.96735,0.9677,2.00,1.00
2010.09.17 09:29:10.171,0.9674,0.9677,1.00,1.00
2010.09.17 09:29:10.369,0.9674,0.9677,1.00,1.00
2010.09.17 09:29:11.491,0.9674,0.9677,1.00,1.00
2010.09.17 09:29:13.558,0.9674,0.9677,1.00,1.00
2010.09.17 09:29:13.668,0.9674,0.9677,1.00,2.10
2010.09.17 09:29:13.779,0.9674,0.9677,1.00,4.50
2010.09.17 09:29:14.389,0.96735,0.96765,2.00,1.00
2010.09.17 09:29:14.500,0.9674,0.9677,1.00,1.00
2010.09.17 09:29:15.503,0.9674,0.9677,1.00,1.00
2010.09.17 09:29:17.505,0.9674,0.9677,1.00,1.00
2010.09.17 09:29:19.847,0.9674,0.9677,1.00,1.00
2010.09.17 09:29:27.700,0.96735,0.9677,2.80,3.00
2010.09.17 09:29:28.350,0.96735,0.9677,1.00,2.90
2010.09.17 09:29:29.538,0.96735,0.9677,1.00,3.00
2010.09.17 09:29:30.979,0.96735,0.9677,1.00,3.00
2010.09.17 09:29:31.300,0.96735,0.96765,1.00,1.00
2010.09.17 09:29:31.492,0.96735,0.96765,1.00,1.00
2010.09.17 09:29:31.528,0.96735,0.96765,2.00,1.00
2010.09.17 09:29:32.762,0.96735,0.96765,2.00,1.00
2010.09.17 09:29:33.404,0.96735,0.96765,2.00,1.00
2010.09.17 09:29:35.050,0.96735,0.96765,2.10,1.00
2010.09.17 09:29:35.248,0.96735,0.96765,2.00,1.00
2010.09.17 09:29:35.469,0.96735,0.9677,3.70,1.00
2010.09.17 09:29:35.568,0.96735,0.9677,5.30,1.00
2010.09.17 09:29:36.208,0.96735,0.9677,5.20,1.00
2010.09.17 09:29:36.398,0.96735,0.9677,3.60,2.90
2010.09.17 09:29:36.939,0.96735,0.9677,2.00,2.90
2010.09.17 09:29:37.119,0.96735,0.9677,1.00,3.00
2010.09.17 09:29:37.309,0.96735,0.9677,1.00,3.00
2010.09.17 09:29:38.029,0.96735,0.96765,1.00,1.00
2010.09.17 09:29:38.269,0.9673,0.96765,1.00,1.00
2010.09.17 09:29:39.039,0.9673,0.96765,1.00,1.00
2010.09.17 09:29:40.418,0.9673,0.9676,1.00,1.00
2010.09.17 09:29:40.992,0.96735,0.9676,1.60,1.00
2010.09.17 09:29:41.134,0.96735,0.96765,2.00,1.00
2010.09.17 09:29:41.889,0.96735,0.96765,2.00,1.00
2010.09.17 09:29:42.844,0.96735,0.96765,2.00,1.00
2010.09.17 09:29:50.034,0.96735,0.96765,1.00,1.00
2010.09.17 09:29:50.109,0.96735,0.96765,2.00,1.00
2010.09.17 09:29:50.319,0.96735,0.96765,1.00,1.00
2010.09.17 09:29:52.029,0.9673,0.96765,1.00,1.00
2010.09.17 09:29:53.067,0.9673,0.9676,1.00,1.00
2010.09.17 09:29:59.211,0.9673,0.96765,1.00,1.00
2010.09.17 09:30:00.951,0.96735,0.96765,2.00,1.00
2010.09.17 09:30:01.769,0.96735,0.96765,2.00,1.00
2010.09.17 09:30:08.811,0.9673,0.9676,3.60,2.80
2010.09.17 09:30:08.951,0.9673,0.9676,1.00,2.80
2010.09.17 09:30:09.391,0.9673,0.9676,1.00,3.00
2010.09.17 09:30:12.710,0.9673,0.9676,1.00,2.90
2010.09.17 09:30:15.830,0.9673,0.96755,1.00,1.00
2010.09.17 09:30:16.125,0.9673,0.9676,1.00,3.00
2010.09.17 09:30:18.502,0.9673,0.9676,1.00,2.90
2010.09.17 09:30:27.358,0.9673,0.9676,1.00,3.00
2010.09.17 09:30:30.769,0.9673,0.96755,1.00,1.00
2010.09.17 09:30:33.510,0.9673,0.9676,1.00,3.00
2010.09.17 09:30:34.462,0.9673,0.96755,1.00,1.00
2010.09.17 09:30:34.714,0.96725,0.96755,1.00,1.00
2010.09.17 09:30:34.891,0.9672,0.96755,3.60,1.00
2010.09.17 09:30:35.591,0.9672,0.96755,1.00,1.00
2010.09.17 09:30:36.708,0.9672,0.96755,1.00,1.00
2010.09.17 09:30:37.618,0.9672,0.96755,1.00,1.00
2010.09.17 09:30:41.988,0.9672,0.9675,1.00,1.00
2010.09.17 09:30:42.189,0.9672,0.9675,1.00,1.00
2010.09.17 09:30:42.389,0.96715,0.9675,6.00,1.00
2010.09.17 09:30:42.997,0.96715,0.9675,1.20,2.90
2010.09.17 09:30:43.291,0.96715,0.9675,1.00,2.90
2010.09.17 09:30:43.590,0.96715,0.9675,1.00,2.80
2010.09.17 09:30:44.448,0.96715,0.96745,1.00,1.00
2010.09.17 09:30:57.089,0.96715,0.96745,1.00,1.00
2010.09.17 09:30:57.920,0.9671,0.96745,3.60,1.00
2010.09.17 09:30:58.698,0.9671,0.9675,3.70,4.60
2010.09.17 09:30:58.919,0.96715,0.9675,1.00,3.00
2010.09.17 09:31:00.059,0.96715,0.96745,1.00,1.00
2010.09.17 09:31:09.767,0.9672,0.96745,1.60,1.00
2010.09.17 09:31:09.876,0.96725,0.9675,1.00,1.60
2010.09.17 09:31:10.613,0.96725,0.9676,1.00,4.80
2010.09.17 09:31:10.721,0.96725,0.9676,1.00,1.60
2010.09.17 09:31:11.970,0.96725,0.9676,1.00,1.70
2010.09.17 09:31:12.190,0.9673,0.9676,1.00,1.70
2010.09.17 09:31:14.330,0.96725,0.9676,5.20,4.50
2010.09.17 09:31:14.579,0.96725,0.9676,2.00,4.50
2010.09.17 09:31:15.279,0.9673,0.9676,1.00,1.60
2010.09.17 09:31:16.471,0.9673,0.9676,1.00,1.60
2010.09.17 09:31:16.942,0.9673,0.9676,1.00,1.70
2010.09.17 09:31:17.089,0.9673,0.9676,1.00,1.60
2010.09.17 09:31:18.591,0.9673,0.9676,1.00,1.60
2010.09.17 09:31:18.919,0.96725,0.9676,2.10,4.40
2010.09.17 09:31:20.406,0.96725,0.9676,2.10,1.00
2010.09.17 09:31:20.751,0.9673,0.96765,1.00,1.00
2010.09.17 09:31:23.465,0.9673,0.96765,1.00,1.00
2010.09.17 09:31:25.419,0.9673,0.9676,1.00,1.00
2010.09.17 09:31:29.322,0.96725,0.9676,2.10,4.50
2010.09.17 09:31:29.821,0.9672,0.96755,2.00,1.00
2010.09.17 09:31:30.068,0.9672,0.96755,1.00,1.00
2010.09.17 09:31:31.408,0.9672,0.9676,1.00,4.80
2010.09.17 09:31:31.599,0.9672,0.9676,3.60,1.60
2010.09.17 09:31:32.923,0.96725,0.9676,1.00,1.60
2010.09.17 09:31:33.119,0.96725,0.96755,1.00,1.00
2010.09.17 09:31:33.759,0.9672,0.96755,3.60,1.00
2010.09.17 09:31:33.959,0.9672,0.9676,2.00,6.20
2010.09.17 09:31:34.200,0.9672,0.9676,3.60,4.00
2010.09.17 09:31:34.940,0.96715,0.9675,1.00,1.00
2010.09.17 09:31:35.476,0.96715,0.9675,1.00,1.00
2010.09.17 09:31:35.802,0.96715,0.9675,1.00,1.00
2010.09.17 09:31:36.250,0.96715,0.9675,2.10,1.00
2010.09.17 09:31:36.820,0.96715,0.9675,2.00,1.00
2010.09.17 09:31:37.085,0.9672,0.96755,4.00,1.00
2010.09.17 09:31:37.312,0.9672,0.96755,1.00,1.00
2010.09.17 09:31:37.532,0.9672,0.96755,1.00,3.80
2010.09.17 09:31:38.255,0.96715,0.96755,1.00,3.80
2010.09.17 09:31:38.602,0.96715,0.9675,1.00,1.00
2010.09.17 09:31:40.678,0.96715,0.96755,1.00,3.80
2010.09.17 09:31:41.451,0.96715,0.9675,1.00,1.00
2010.09.17 09:31:42.571,0.9671,0.96745,8.10,1.00
2010.09.17 09:31:43.231,0.9671,0.96745,4.90,1.00
2010.09.17 09:31:43.573,0.9671,0.96745,1.00,1.00
2010.09.17 09:31:43.890,0.9671,0.96745,2.10,1.00
2010.09.17 09:31:44.209,0.9671,0.96745,3.70,1.00
2010.09.17 09:31:45.249,0.9671,0.96745,3.60,1.00
2010.09.17 09:31:45.469,0.9671,0.96745,3.70,1.00
2010.09.17 09:31:46.779,0.9671,0.96745,3.80,1.00
2010.09.17 09:31:59.187,0.96715,0.9675,1.00,1.00
2010.09.17 09:32:00.247,0.9671,0.96745,3.70,1.00
2010.09.17 09:32:00.573,0.9671,0.9675,1.00,3.80
2010.09.17 09:32:00.890,0.9671,0.9675,3.70,1.00
2010.09.17 09:32:01.209,0.9671,0.9675,1.00,3.80
2010.09.17 09:32:01.529,0.9671,0.9675,3.70,1.00
2010.09.17 09:32:02.395,0.9671,0.96745,3.70,1.00
2010.09.17 09:32:06.169,0.9671,0.96745,2.10,1.00
2010.09.17 09:32:09.044,0.9671,0.96745,2.00,1.00
2010.09.17 09:32:09.409,0.9671,0.96745,3.60,1.00
2010.09.17 09:32:10.521,0.9671,0.96745,3.70,1.00
2010.09.17 09:32:12.630,0.9672,0.9675,1.00,1.00
2010.09.17 09:32:12.921,0.96715,0.9675,4.10,1.00
2010.09.17 09:32:13.661,0.9671,0.9675,3.70,1.00
2010.09.17 09:32:14.118,0.9671,0.96745,3.70,1.00
2010.09.17 09:32:14.349,0.96715,0.96745,1.00,1.00
2010.09.17 09:32:16.229,0.9671,0.9675,3.70,1.70
2010.09.17 09:32:16.281,0.9671,0.96745,3.60,1.00
2010.09.17 09:32:16.419,0.9671,0.9674,3.60,1.60
2010.09.17 09:32:17.122,0.9671,0.9674,2.00,1.60
2010.09.17 09:32:17.171,0.9671,0.9674,1.00,1.60
2010.09.17 09:32:17.491,0.9671,0.9674,1.00,1.60
2010.09.17 09:32:19.529,0.9671,0.9674,1.00,1.60
2010.09.17 09:32:22.518,0.9671,0.9674,1.00,1.70
2010.09.17 09:32:27.122,0.967,0.9674,3.70,6.20
2010.09.17 09:32:27.518,0.967,0.9674,2.10,7.80
2010.09.17 09:32:28.528,0.967,0.9673,2.00,1.00
2010.09.17 09:32:28.799,0.967,0.96735,2.10,1.00
2010.09.17 09:32:29.589,0.96705,0.96735,1.00,1.00
2010.09.17 09:32:30.271,0.967,0.9673,2.00,1.00
2010.09.17 09:32:31.504,0.96705,0.96735,1.00,1.00
2010.09.17 09:32:32.335,0.967,0.9673,2.00,1.00
2010.09.17 09:32:34.428,0.96705,0.96735,1.00,1.00
2010.09.17 09:32:37.080,0.967,0.96735,2.00,1.00
2010.09.17 09:32:37.208,0.967,0.96735,2.00,1.00
2010.09.17 09:32:37.248,0.967,0.9673,2.00,1.60
2010.09.17 09:32:37.850,0.96705,0.9674,1.60,2.50
2010.09.17 09:32:38.201,0.967,0.96735,3.70,1.00
2010.09.17 09:32:39.370,0.96695,0.96735,2.00,2.10
2010.09.17 09:32:40.821,0.96695,0.9673,2.00,1.00
2010.09.17 09:32:41.073,0.9669,0.96725,6.10,1.00
2010.09.17 09:32:41.321,0.9669,0.96725,6.20,1.00
2010.09.17 09:32:43.400,0.9669,0.96725,6.20,1.00
2010.09.17 09:32:43.709,0.96695,0.96725,1.00,1.00
2010.09.17 09:32:43.949,0.9669,0.96725,6.10,1.00
2010.09.17 09:32:44.552,0.96695,0.96725,1.00,1.00
2010.09.17 09:32:44.775,0.96705,0.9673,1.00,4.00
2010.09.17 09:32:45.001,0.96705,0.96735,1.60,2.20
2010.09.17 09:32:45.230,0.967,0.96735,1.00,3.80
2010.09.17 09:32:45.755,0.967,0.96735,1.00,2.20
2010.09.17 09:32:46.091,0.967,0.96735,1.00,1.00
2010.09.17 09:32:46.429,0.967,0.9673,1.00,1.00
2010.09.17 09:32:46.770,0.967,0.9673,2.80,1.00
2010.09.17 09:32:47.240,0.967,0.9673,4.40,1.00
2010.09.17 09:32:47.804,0.967,0.96735,4.40,1.00
2010.09.17 09:32:48.521,0.967,0.96735,4.60,1.00
2010.09.17 09:32:48.701,0.967,0.9673,4.40,1.00
2010.09.17 09:32:48.882,0.967,0.9673,1.00,1.00
2010.09.17 09:32:49.181,0.96695,0.9673,1.00,1.00
2010.09.17 09:32:49.711,0.96695,0.9673,1.00,2.90
2010.09.17 09:32:50.003,0.96695,0.9673,1.00,4.50
2010.09.17 09:32:50.509,0.96695,0.9673,1.00,4.60
2010.09.17 09:32:51.363,0.96695,0.96725,1.00,1.00
2010.09.17 09:33:00.119,0.96695,0.96725,1.00,1.00
2010.09.17 09:33:04.230,0.96695,0.9673,1.00,4.50
2010.09.17 09:33:04.490,0.967,0.9673,3.00,2.00
2010.09.17 09:33:05.169,0.967,0.96735,3.40,1.70
2010.09.17 09:33:05.503,0.967,0.96735,3.20,1.00
2010.09.17 09:33:05.840,0.967,0.96735,4.80,1.00
2010.09.17 09:33:06.426,0.967,0.96735,5.00,1.00
2010.09.17 09:33:08.945,0.967,0.9673,4.90,1.00
2010.09.17 09:33:18.956,0.96705,0.96735,1.00,1.00
2010.09.17 09:33:20.329,0.96705,0.9673,1.00,1.00
2010.09.17 09:33:21.978,0.96705,0.96725,1.00,1.00
2010.09.17 09:33:28.758,0.96705,0.9673,1.00,1.00
2010.09.17 09:33:28.861,0.967,0.9673,1.00,1.00
2010.09.17 09:33:28.960,0.967,0.9673,2.40,1.00
2010.09.17 09:33:29.060,0.96705,0.9673,1.00,1.00
2010.09.17 09:33:29.265,0.967,0.9673,4.80,1.00
2010.09.17 09:33:29.511,0.967,0.9673,1.00,1.00
2010.09.17 09:33:30.087,0.967,0.96725,1.00,1.00
2010.09.17 09:33:35.681,0.96695,0.9672,7.20,1.00
2010.09.17 09:33:35.893,0.9669,0.9672,1.00,1.00
2010.09.17 09:33:36.755,0.96695,0.9673,3.20,4.50
2010.09.17 09:33:36.970,0.967,0.9673,2.80,1.00
2010.09.17 09:33:37.191,0.96705,0.96735,2.00,1.00
2010.09.17 09:33:37.410,0.9671,0.96735,4.40,1.00
2010.09.17 09:33:38.570,0.9671,0.9674,4.40,1.00
2010.09.17 09:33:40.338,0.96705,0.9674,2.10,1.00
2010.09.17 09:33:40.500,0.9671,0.9674,2.80,1.00
2010.09.17 09:33:40.661,0.9671,0.9674,4.40,1.00
2010.09.17 09:33:41.660,0.9671,0.9674,4.40,1.00
2010.09.17 09:33:42.461,0.9671,0.96735,4.40,1.00
2010.09.17 09:33:42.801,0.9671,0.9674,4.40,1.00
2010.09.17 09:33:43.919,0.9671,0.9674,6.00,1.00
2010.09.17 09:33:45.451,0.9671,0.96745,6.00,1.00
2010.09.17 09:33:47.434,0.9671,0.9674,6.10,1.00
2010.09.17 09:33:49.349,0.9671,0.9674,6.00,1.00
2010.09.17 09:33:50.112,0.9671,0.9674,1.00,1.00
2010.09.17 09:33:51.691,0.9671,0.96735,1.00,1.00
2010.09.17 09:33:53.163,0.96715,0.96745,1.00,1.00
2010.09.17 09:33:53.471,0.9671,0.9674,2.00,2.10
2010.09.17 09:33:54.041,0.9671,0.9674,1.00,2.10
2010.09.17 09:33:54.389,0.9671,0.96745,4.40,1.00
2010.09.17 09:33:54.733,0.9671,0.9674,4.40,1.00
2010.09.17 09:33:57.140,0.9671,0.96735,4.40,1.00
2010.09.17 09:34:01.782,0.96715,0.9674,1.00,1.00
2010.09.17 09:34:03.022,0.9671,0.96745,4.40,1.00
2010.09.17 09:34:03.659,0.9671,0.96735,4.40,1.00
2010.09.17 09:34:04.334,0.9671,0.9674,4.40,1.00
2010.09.17 09:34:04.961,0.96705,0.9674,2.20,1.00
2010.09.17 09:34:06.088,0.96705,0.96735,2.00,1.00
2010.09.17 09:34:06.359,0.9671,0.96735,1.00,1.00
2010.09.17 09:34:06.630,0.9671,0.96735,4.40,1.00
2010.09.17 09:34:07.579,0.9671,0.9674,4.40,1.00
2010.09.17 09:34:24.704,0.9671,0.9674,4.40,1.00
2010.09.17 09:34:24.802,0.9671,0.96735,1.00,1.00
2010.09.17 09:34:25.492,0.9671,0.96735,1.00,1.00
2010.09.17 09:34:28.284,0.9671,0.96735,1.00,1.00
2010.09.17 09:34:32.346,0.967,0.96735,5.20,1.00
2010.09.17 09:34:32.860,0.967,0.96735,2.00,1.00
2010.09.17 09:34:33.809,0.967,0.9673,2.00,1.00
2010.09.17 09:34:37.662,0.96695,0.9673,3.20,1.00
2010.09.17 09:34:39.219,0.967,0.9673,1.00,1.00
2010.09.17 09:34:39.769,0.967,0.9673,2.00,1.00
2010.09.17 09:34:40.207,0.967,0.9673,2.00,1.00
2010.09.17 09:34:46.997,0.967,0.9673,3.60,1.00
2010.09.17 09:35:17.886,0.967,0.96735,3.80,1.00
2010.09.17 09:35:20.976,0.967,0.9673,3.60,1.00
2010.09.17 09:35:22.311,0.96715,0.9674,1.60,2.00
2010.09.17 09:35:23.196,0.9671,0.9674,1.00,1.00
2010.09.17 09:35:23.543,0.96715,0.9674,1.60,1.00
2010.09.17 09:35:24.391,0.96705,0.9674,6.00,1.00
2010.09.17 09:35:24.680,0.96705,0.96735,1.00,1.00
2010.09.17 09:35:24.969,0.96705,0.96735,1.00,1.00
2010.09.17 09:35:26.411,0.96705,0.96735,1.00,1.00
2010.09.17 09:35:27.669,0.96705,0.96735,1.00,1.00
2010.09.17 09:35:34.272,0.967,0.9673,4.40,1.00
2010.09.17 09:35:34.480,0.967,0.9673,1.20,1.00
2010.09.17 09:35:35.257,0.967,0.96725,1.00,1.00
2010.09.17 09:35:37.983,0.967,0.96735,1.00,2.10
2010.09.17 09:35:38.120,0.967,0.9673,1.00,1.00
2010.09.17 09:35:39.799,0.967,0.96725,1.00,1.00
2010.09.17 09:35:43.159,0.96705,0.9673,1.00,1.00
2010.09.17 09:35:45.099,0.96705,0.96735,1.00,1.00
2010.09.17 09:35:45.620,0.967,0.96735,2.00,1.00
2010.09.17 09:35:46.308,0.967,0.9673,2.00,1.00
2010.09.17 09:35:52.812,0.967,0.9673,1.00,1.00
2010.09.17 09:35:54.535,0.967,0.9673,1.00,1.00
2010.09.17 09:35:55.535,0.967,0.96725,1.00,1.00
2010.09.17 09:35:57.535,0.967,0.9673,1.00,1.00
2010.09.17 09:36:00.227,0.967,0.9673,1.00,1.00
2010.09.17 09:36:00.315,0.967,0.9673,4.40,1.00
2010.09.17 09:36:01.711,0.967,0.96735,4.40,1.00
2010.09.17 09:36:01.819,0.967,0.96735,4.40,1.40
2010.09.17 09:36:01.930,0.967,0.9672,4.00,2.00
2010.09.17 09:36:02.040,0.967,0.9672,2.40,2.00
2010.09.17 09:36:02.150,0.96695,0.9672,2.40,2.00
2010.09.17 09:36:02.793,0.96695,0.9672,1.00,2.00
2010.09.17 09:36:03.123,0.967,0.9673,1.00,1.00
2010.09.17 09:36:04.103,0.967,0.9673,1.00,1.00
2010.09.17 09:36:06.872,0.967,0.9673,1.00,3.20
2010.09.17 09:36:07.781,0.967,0.96725,1.00,1.00
2010.09.17 09:36:08.080,0.967,0.96725,1.00,1.60
2010.09.17 09:36:09.731,0.967,0.96725,1.00,1.60
2010.09.17 09:36:11.173,0.96695,0.96725,1.00,3.60
2010.09.17 09:36:11.475,0.96695,0.96725,1.00,3.70
2010.09.17 09:36:12.461,0.96695,0.96725,1.00,3.80
2010.09.17 09:36:13.345,0.96695,0.96725,1.00,1.00
2010.09.17 09:36:14.934,0.96695,0.9672,1.00,1.00
2010.09.17 09:36:15.273,0.96695,0.96725,1.00,1.00
2010.09.17 09:36:16.990,0.9669,0.9672,5.20,1.60
2010.09.17 09:36:17.174,0.9669,0.9672,2.80,1.60
2010.09.17 09:36:17.349,0.9669,0.9672,1.00,1.60
2010.09.17 09:36:17.531,0.9669,0.9672,1.00,2.10
2010.09.17 09:36:18.408,0.9669,0.96715,1.00,1.00
2010.09.17 09:36:19.538,0.9669,0.96715,1.00,1.00
2010.09.17 09:36:19.659,0.9669,0.96715,1.00,1.00
2010.09.17 09:36:19.900,0.96685,0.96715,1.00,1.00
2010.09.17 09:36:21.259,0.96685,0.9671,1.00,1.00
2010.09.17 09:36:22.886,0.96685,0.96715,2.00,3.20
2010.09.17 09:36:23.092,0.9669,0.96725,1.00,4.90
2010.09.17 09:36:23.802,0.9669,0.96725,1.00,1.70
2010.09.17 09:36:24.380,0.96685,0.9672,5.20,1.00
2010.09.17 09:36:24.671,0.96685,0.9672,2.00,4.60
2010.09.17 09:36:25.461,0.96685,0.9672,1.00,7.80
2010.09.17 09:36:25.476,0.96685,0.96715,1.00,1.00
2010.09.17 09:36:25.788,0.96685,0.9672,2.00,7.80
2010.09.17 09:36:26.093,0.96685,0.9672,1.00,1.00
2010.09.17 09:36:26.543,0.96685,0.9672,1.00,2.20
2010.09.17 09:36:27.220,0.96685,0.96715,1.00,1.00
2010.09.17 09:36:29.562,0.96685,0.9671,1.00,1.00
2010.09.17 09:36:30.839,0.96685,0.96715,1.00,1.00
2010.09.17 09:36:31.134,0.9668,0.96715,8.40,1.00
2010.09.17 09:36:31.416,0.9668,0.96715,4.40,1.00
2010.09.17 09:36:32.492,0.9668,0.9671,4.50,1.00
2010.09.17 09:36:33.254,0.9668,0.96715,4.60,1.00
2010.09.17 09:36:34.769,0.9668,0.9671,4.40,1.00
2010.09.17 09:36:35.587,0.96685,0.96715,2.00,1.00
2010.09.17 09:36:36.672,0.96685,0.96715,2.10,1.00
2010.09.17 09:36:58.785,0.96695,0.96725,1.00,1.60
2010.09.17 09:36:59.102,0.96695,0.9672,1.00,1.60
2010.09.17 09:36:59.420,0.9669,0.9672,1.00,2.10
2010.09.17 09:37:00.223,0.9669,0.9672,1.00,4.60
2010.09.17 09:37:00.572,0.96685,0.9672,1.00,6.20
2010.09.17 09:37:00.914,0.96685,0.9672,1.00,7.80
2010.09.17 09:37:01.966,0.9669,0.9672,1.00,1.00
2010.09.17 09:37:02.443,0.9669,0.96715,1.00,1.00
2010.09.17 09:37:03.844,0.9669,0.9672,1.00,1.00
2010.09.17 09:37:12.923,0.9669,0.96725,10.00,1.00
2010.09.17 09:37:13.260,0.9669,0.96725,4.40,1.00
2010.09.17 09:37:16.174,0.9669,0.96725,4.60,1.00
2010.09.17 09:37:17.451,0.9669,0.9673,4.60,5.40
2010.09.17 09:37:17.664,0.967,0.9673,1.00,3.80
2010.09.17 09:37:17.871,0.967,0.9673,1.00,1.00
2010.09.17 09:37:19.573,0.967,0.96725,1.00,1.00
2010.09.17 09:37:26.829,0.967,0.9673,1.00,1.00
2010.09.17 09:37:27.370,0.96695,0.96725,2.00,1.00
2010.09.17 09:37:28.237,0.96695,0.9673,2.00,2.10
2010.09.17 09:37:28.431,0.96695,0.9673,2.10,2.10
2010.09.17 09:37:29.672,0.96695,0.96725,2.10,1.00
2010.09.17 09:37:31.933,0.96695,0.96725,1.00,1.00
2010.09.17 09:37:32.149,0.96695,0.96725,2.00,1.00
2010.09.17 09:37:33.670,0.96695,0.96725,1.00,1.00
2010.09.17 09:37:33.940,0.9669,0.96725,3.00,1.00
2010.09.17 09:37:34.741,0.9669,0.9672,2.80,1.00
2010.09.17 09:37:34.989,0.9669,0.9672,2.80,1.00
2010.09.17 09:37:35.869,0.9669,0.9672,2.40,1.00
2010.09.17 09:37:36.060,0.96685,0.9672,1.60,1.00
2010.09.17 09:37:36.250,0.9669,0.9672,2.80,1.00
2010.09.17 09:37:38.519,0.9669,0.9672,2.90,1.00
2010.09.17 09:37:54.875,0.9669,0.96715,2.80,1.00
2010.09.17 09:37:55.192,0.9669,0.9672,2.80,1.00
2010.09.17 09:37:56.543,0.9669,0.9672,2.40,1.00
2010.09.17 09:37:56.881,0.9668,0.96715,6.90,1.00
2010.09.17 09:37:57.518,0.9668,0.96715,6.10,1.00
2010.09.17 09:37:57.823,0.9668,0.96715,4.50,1.00
2010.09.17 09:37:59.130,0.9668,0.96715,4.40,1.00
2010.09.17 09:37:59.470,0.9668,0.9671,4.50,1.00
2010.09.17 09:37:59.809,0.9668,0.9671,4.40,1.00
2010.09.17 09:38:04.772,0.9668,0.9671,2.80,1.00
2010.09.17 09:38:05.521,0.96675,0.96695,6.40,1.00
2010.09.17 09:38:05.785,0.9668,0.9671,2.80,1.00
2010.09.17 09:38:06.544,0.9668,0.9671,6.00,1.00
2010.09.17 09:38:06.883,0.9668,0.9671,7.60,1.00
2010.09.17 09:38:08.570,0.9668,0.9671,7.70,1.00
2010.09.17 09:38:10.181,0.9668,0.9671,2.90,1.00
2010.09.17 09:38:10.413,0.9668,0.9671,2.80,1.00
2010.09.17 09:38:11.301,0.9667,0.9671,9.20,1.00
2010.09.17 09:38:11.640,0.9668,0.9671,2.80,1.00
2010.09.17 09:38:12.569,0.9668,0.9671,6.00,1.00
2010.09.17 09:38:13.980,0.9668,0.9671,6.10,1.00
2010.09.17 09:38:15.885,0.9668,0.9671,7.70,1.00
2010.09.17 09:38:16.141,0.9668,0.9671,6.10,1.00
2010.09.17 09:38:19.096,0.9668,0.9671,4.50,1.00
2010.09.17 09:38:24.213,0.9668,0.967,2.00,2.40
2010.09.17 09:38:24.392,0.9667,0.96705,4.40,1.00
2010.09.17 09:38:25.511,0.9667,0.967,4.40,1.00
2010.09.17 09:38:31.088,0.96675,0.967,1.00,1.00
2010.09.17 09:38:33.073,0.96675,0.967,1.00,1.00
2010.09.17 09:38:33.372,0.96675,0.967,1.00,1.00
2010.09.17 09:38:37.625,0.96675,0.96705,1.00,1.00
2010.09.17 09:38:37.790,0.96675,0.9671,1.00,1.00
2010.09.17 09:38:38.447,0.96685,0.9671,1.00,1.00
2010.09.17 09:38:38.621,0.9668,0.9671,1.00,1.60
2010.09.17 09:38:38.962,0.96675,0.9671,1.00,1.00
2010.09.17 09:38:39.941,0.96675,0.9671,1.00,1.00
2010.09.17 09:38:41.350,0.9668,0.9671,1.00,1.00
2010.09.17 09:38:41.683,0.96685,0.9671,1.60,1.00
2010.09.17 09:38:42.712,0.96675,0.9671,1.00,4.10
2010.09.17 09:38:43.051,0.96675,0.9671,3.60,4.60
2010.09.17 09:38:43.938,0.96675,0.96705,3.20,1.00
2010.09.17 09:38:45.157,0.96675,0.96705,3.20,1.00
2010.09.17 09:38:45.543,0.96675,0.967,3.20,1.00
2010.09.17 09:38:47.141,0.9667,0.967,6.00,1.00
2010.09.17 09:38:48.284,0.96675,0.967,1.60,1.00
2010.09.17 09:38:48.624,0.9667,0.96705,2.80,1.00
2010.09.17 09:38:48.935,0.9667,0.96705,2.80,1.00
2010.09.17 09:38:49.762,0.96665,0.967,1.00,1.00
2010.09.17 09:38:50.103,0.96665,0.96705,1.00,1.00
2010.09.17 09:38:50.695,0.9667,0.96705,2.40,1.00
2010.09.17 09:38:51.002,0.9667,0.96705,2.80,1.00
2010.09.17 09:38:51.481,0.9667,0.967,2.80,1.00
2010.09.17 09:38:52.936,0.9667,0.967,2.90,1.00
2010.09.17 09:38:55.212,0.96675,0.96705,2.00,1.00
2010.09.17 09:38:55.450,0.9668,0.9671,1.00,1.00
2010.09.17 09:38:55.691,0.9668,0.96705,2.40,1.00
2010.09.17 09:38:55.931,0.9668,0.9671,2.80,1.70
2010.09.17 09:38:56.681,0.9668,0.9671,2.80,1.00
2010.09.17 09:38:57.084,0.9668,0.96705,2.80,1.00
2010.09.17 09:38:57.982,0.9667,0.96705,2.80,1.00
2010.09.17 09:38:58.282,0.9667,0.967,2.80,1.00
2010.09.17 09:38:59.223,0.96665,0.967,1.60,1.00
2010.09.17 09:38:59.559,0.9667,0.967,4.00,1.00
2010.09.17 09:39:00.388,0.9667,0.967,4.40,1.00
2010.09.17 09:39:00.731,0.9668,0.9671,2.40,1.00
2010.09.17 09:39:01.070,0.96675,0.9671,1.00,1.00
2010.09.17 09:39:01.921,0.9667,0.96705,6.50,1.00
2010.09.17 09:39:03.540,0.9667,0.9671,6.50,1.00
2010.09.17 09:39:05.243,0.9667,0.96705,4.40,1.00
2010.09.17 09:39:05.469,0.9667,0.96705,4.40,1.00
2010.09.17 09:39:06.281,0.9667,0.967,4.40,1.00
2010.09.17 09:39:06.521,0.9666,0.967,7.70,1.00
2010.09.17 09:39:07.412,0.9666,0.967,7.80,1.00
2010.09.17 09:39:08.724,0.9666,0.967,7.70,1.00
2010.09.17 09:39:08.859,0.96665,0.967,3.20,1.00
2010.09.17 09:39:09.000,0.9667,0.967,3.60,1.00
2010.09.17 09:39:09.140,0.9667,0.967,6.00,1.00
2010.09.17 09:39:09.279,0.9667,0.967,3.60,1.00
2010.09.17 09:39:09.818,0.9667,0.967,3.20,1.00
2010.09.17 09:39:09.981,0.9667,0.967,6.00,1.00
2010.09.17 09:39:11.990,0.9667,0.967,2.80,1.00
2010.09.17 09:39:13.085,0.9667,0.96695,2.80,1.00
2010.09.17 09:39:16.792,0.9667,0.96695,4.40,1.00
2010.09.17 09:39:16.972,0.9667,0.967,4.50,1.00
2010.09.17 09:39:17.531,0.9667,0.967,4.50,1.60
2010.09.17 09:39:18.070,0.9667,0.967,4.40,1.60
2010.09.17 09:39:18.413,0.9667,0.9671,2.00,2.10
2010.09.17 09:39:18.753,0.9667,0.96705,3.60,1.00
2010.09.17 09:39:20.077,0.9667,0.96705,2.00,1.00
2010.09.17 09:39:20.184,0.9667,0.967,1.00,1.00
2010.09.17 09:39:20.912,0.9667,0.96705,1.00,1.00
2010.09.17 09:39:22.182,0.96675,0.96705,1.00,1.00
2010.09.17 09:39:24.442,0.96675,0.967,1.00,1.00
2010.09.17 09:39:26.241,0.96675,0.967,1.00,1.00
2010.09.17 09:39:26.282,0.9667,0.967,6.00,1.00
2010.09.17 09:39:26.321,0.9667,0.967,3.60,1.00
2010.09.17 09:39:26.390,0.9667,0.967,2.00,1.00
2010.09.17 09:39:26.733,0.9667,0.967,1.00,1.00
2010.09.17 09:39:27.714,0.96665,0.967,2.00,2.10
2010.09.17 09:39:27.830,0.96665,0.967,1.00,2.10
2010.09.17 09:39:28.070,0.9667,0.967,1.00,2.10
2010.09.17 09:39:28.189,0.9667,0.967,1.00,1.00
2010.09.17 09:39:30.393,0.9667,0.967,1.00,1.00
2010.09.17 09:39:33.475,0.9667,0.967,2.00,1.00
2010.09.17 09:39:34.431,0.9667,0.967,3.60,1.60
2010.09.17 09:39:35.448,0.9667,0.967,3.60,1.70
2010.09.17 09:39:36.140,0.96675,0.967,1.00,1.70
2010.09.17 09:39:36.781,0.96675,0.967,1.00,1.00
2010.09.17 09:39:38.291,0.96675,0.967,1.00,1.00
2010.09.17 09:39:39.457,0.96675,0.96705,1.00,1.00
2010.09.17 09:39:39.802,0.96675,0.96705,2.00,1.00
2010.09.17 09:39:41.168,0.96675,0.96705,1.00,1.00
2010.09.17 09:39:41.202,0.96675,0.967,1.00,1.00
2010.09.17 09:39:41.582,0.96675,0.96705,2.00,1.00
2010.09.17 09:39:41.772,0.96675,0.96705,2.00,1.00
2010.09.17 09:39:41.962,0.96675,0.96705,2.00,1.00
2010.09.17 09:39:42.597,0.96675,0.96705,1.00,1.00
2010.09.17 09:39:42.867,0.9668,0.9671,2.80,1.00
2010.09.17 09:39:43.134,0.9668,0.9671,2.40,1.00
2010.09.17 09:39:43.982,0.96675,0.9671,1.00,1.00
2010.09.17 09:39:44.322,0.9667,0.967,1.00,2.80
2010.09.17 09:39:44.661,0.9667,0.96705,2.00,1.00
2010.09.17 09:39:45.285,0.9667,0.96705,1.20,1.00
2010.09.17 09:39:45.586,0.9667,0.96705,2.80,1.00
2010.09.17 09:39:47.032,0.9667,0.96695,2.80,1.00
2010.09.17 09:39:51.309,0.96665,0.96695,1.60,1.00
2010.09.17 09:39:51.531,0.9666,0.96695,4.50,1.00
2010.09.17 09:39:52.630,0.9666,0.9669,4.40,1.00
2010.09.17 09:39:52.970,0.96665,0.967,1.00,4.60
2010.09.17 09:39:53.729,0.9667,0.967,4.40,1.00
2010.09.17 09:39:54.045,0.9667,0.967,6.00,1.00
2010.09.17 09:39:54.364,0.9667,0.96705,2.00,1.00
2010.09.17 09:39:55.169,0.9667,0.967,1.00,1.00
2010.09.17 09:39:55.755,0.9667,0.967,1.00,1.00
2010.09.17 09:39:56.877,0.9667,0.96695,1.00,1.00
2010.09.17 09:39:58.533,0.9667,0.96705,4.80,1.00
2010.09.17 09:39:58.870,0.9667,0.96705,4.80,1.00
2010.09.17 09:39:59.762,0.9668,0.96705,1.00,1.00
2010.09.17 09:40:00.640,0.9668,0.96705,1.00,1.00
2010.09.17 09:40:01.433,0.96665,0.96695,1.60,1.00
2010.09.17 09:40:02.715,0.96665,0.96695,1.60,1.00
2010.09.17 09:40:03.074,0.96665,0.9669,1.60,1.00
2010.09.17 09:40:04.916,0.96665,0.96695,1.60,1.00
