2013.10.31 07:00:00.169,0.99504,0.99525,1.50,1.50
2013.10.31 07:00:00.231,0.99503,0.99525,1.50,1.50
2013.10.31 07:00:00.351,0.99502,0.99523,1.50,1.50
2013.10.31 07:00:00.890,0.99501,0.99523,1.50,1.50
2013.10.31 07:00:01.449,0.99503,0.99524,1.50,2.25
2013.10.31 07:00:01.569,0.99503,0.99525,1.50,1.50
2013.10.31 07:00:04.808,0.99503,0.99525,1.50,1.50
2013.10.31 07:00:06.789,0.99503,0.99525,1.50,1.50
2013.10.31 07:00:09.318,0.99503,0.99525,1.50,1.50
2013.10.31 07:00:10.420,0.99503,0.99525,1.50,1.50
2013.10.31 07:00:10.668,0.99505,0.99527,1.50,1.50
2013.10.31 07:00:11.208,0.99507,0.99528,1.50,2.25
2013.10.31 07:00:11.328,0.99506,0.99526,1.50,1.50
2013.10.31 07:00:15.379,0.99507,0.99528,1.50,2.63
2013.10.31 07:00:15.559,0.99508,0.99528,1.50,1.50
2013.10.31 07:00:15.619,0.9951,0.99531,1.50,1.13
2013.10.31 07:00:15.739,0.99516,0.99534,1.50,1.88
2013.10.31 07:00:15.799,0.99516,0.99535,1.50,1.50
2013.10.31 07:00:15.858,0.99517,0.99536,1.13,1.50
2013.10.31 07:00:18.909,0.99521,0.9954,1.50,2.25
2013.10.31 07:00:19.210,0.99522,0.99544,1.50,2.25
2013.10.31 07:00:19.749,0.99522,0.99544,1.50,1.50
2013.10.31 07:00:20.179,0.99524,0.99547,1.50,1.50
2013.10.31 07:00:21.149,0.99523,0.99546,1.50,1.88
2013.10.31 07:00:21.639,0.99522,0.99541,1.13,2.25
2013.10.31 07:00:22.180,0.99517,0.99538,1.50,2.63
2013.10.31 07:00:22.298,0.99516,0.99534,1.50,2.25
2013.10.31 07:00:22.418,0.99511,0.99531,1.50,1.50
2013.10.31 07:00:22.479,0.99511,0.99531,1.50,1.13
2013.10.31 07:00:23.028,0.99507,0.99528,1.88,1.50
2013.10.31 07:00:23.619,0.99509,0.99528,1.50,1.50
2013.10.31 07:00:23.859,0.99509,0.99529,1.88,1.50
2013.10.31 07:00:24.100,0.99509,0.99529,1.50,1.50
2013.10.31 07:00:24.340,0.99508,0.99528,1.88,1.50
2013.10.31 07:00:24.639,0.9951,0.99529,1.50,2.25
2013.10.31 07:00:25.179,0.99508,0.99529,1.50,2.25
2013.10.31 07:00:25.439,0.99511,0.99529,1.50,1.50
2013.10.31 07:00:25.799,0.99502,0.99523,1.50,2.25
2013.10.31 07:00:25.920,0.995,0.99519,1.50,1.50
2013.10.31 07:00:26.932,0.99502,0.99522,1.50,1.13
2013.10.31 07:00:27.469,0.99503,0.99522,1.50,1.13
2013.10.31 07:00:27.711,0.99501,0.99523,1.50,2.63
2013.10.31 07:00:27.770,0.99502,0.99523,1.50,1.88
2013.10.31 07:00:30.180,0.99501,0.99522,1.50,2.25
2013.10.31 07:00:32.659,0.99505,0.99523,1.50,1.50
2013.10.31 07:00:32.961,0.99504,0.99523,1.50,1.50
2013.10.31 07:00:33.337,0.995,0.9952,1.50,1.50
2013.10.31 07:00:33.581,0.99501,0.99521,1.50,1.50
2013.10.31 07:00:33.939,0.99501,0.99521,1.50,1.50
2013.10.31 07:00:34.419,0.99501,0.99521,2.25,1.50
2013.10.31 07:00:35.098,0.99499,0.99519,1.88,1.50
2013.10.31 07:00:35.279,0.99499,0.99518,1.13,1.50
2013.10.31 07:00:37.075,0.99499,0.99517,1.13,1.50
2013.10.31 07:00:38.619,0.99499,0.99517,1.13,1.50
2013.10.31 07:00:41.141,0.99499,0.99517,1.13,1.50
2013.10.31 07:00:42.458,0.99497,0.99517,1.13,1.50
2013.10.31 07:00:42.839,0.99497,0.99516,1.88,1.50
2013.10.31 07:00:42.899,0.99496,0.99514,1.50,1.50
2013.10.31 07:00:43.139,0.99492,0.99513,1.88,2.25
2013.10.31 07:00:46.130,0.99499,0.99513,1.13,1.50
2013.10.31 07:00:46.251,0.99499,0.99519,1.88,1.50
2013.10.31 07:00:46.609,0.99501,0.99523,1.50,1.13
2013.10.31 07:00:46.969,0.99503,0.99526,1.50,1.88
2013.10.31 07:00:47.209,0.99504,0.99526,1.50,1.50
2013.10.31 07:00:50.376,0.99502,0.99524,1.50,1.50
2013.10.31 07:00:50.858,0.99502,0.99523,1.50,1.50
2013.10.31 07:00:52.220,0.995,0.99521,1.50,1.50
2013.10.31 07:00:54.117,0.995,0.99521,1.50,1.50
2013.10.31 07:00:54.180,0.99499,0.9952,1.50,2.25
2013.10.31 07:00:54.359,0.99499,0.9952,2.25,2.25
2013.10.31 07:00:54.600,0.99502,0.99523,1.50,1.50
2013.10.31 07:00:54.660,0.99502,0.99523,2.25,1.50
2013.10.31 07:01:04.566,0.99502,0.99523,1.50,1.50
2013.10.31 07:01:05.169,0.99502,0.99521,1.50,1.50
2013.10.31 07:01:07.199,0.995,0.99519,1.13,1.50
2013.10.31 07:01:07.259,0.99498,0.99519,1.88,2.25
2013.10.31 07:01:10.072,0.99498,0.99519,1.50,2.25
2013.10.31 07:01:12.099,0.99493,0.99514,1.88,1.50
2013.10.31 07:01:14.841,0.99492,0.99514,1.50,1.50
2013.10.31 07:01:15.546,0.99492,0.99512,1.50,1.50
2013.10.31 07:01:15.909,0.99491,0.99513,2.63,1.50
2013.10.31 07:01:16.589,0.99491,0.99512,2.63,1.50
2013.10.31 07:01:16.889,0.99495,0.99513,1.13,1.50
2013.10.31 07:01:18.626,0.99492,0.99512,1.13,1.50
2013.10.31 07:01:20.879,0.9949,0.99511,2.25,1.13
2013.10.31 07:01:21.059,0.99487,0.99508,2.25,1.50
2013.10.31 07:01:23.222,0.99487,0.99508,1.50,1.88
2013.10.31 07:01:23.459,0.99482,0.99503,1.50,2.25
2013.10.31 07:01:25.891,0.99482,0.99503,1.50,1.50
2013.10.31 07:01:26.138,0.99483,0.99504,2.25,2.25
2013.10.31 07:01:26.939,0.99485,0.99503,1.50,1.13
2013.10.31 07:01:27.240,0.99478,0.99498,2.25,1.50
2013.10.31 07:01:27.300,0.99477,0.99496,1.13,1.50
2013.10.31 07:01:27.535,0.99477,0.99496,1.13,2.25
2013.10.31 07:01:38.679,0.99477,0.99496,1.13,2.25
2013.10.31 07:01:38.799,0.99478,0.99498,1.88,1.50
2013.10.31 07:01:39.339,0.99485,0.99503,1.50,1.13
2013.10.31 07:01:39.459,0.99482,0.99504,2.25,1.13
2013.10.31 07:01:40.119,0.99483,0.99504,1.50,1.13
2013.10.31 07:01:40.239,0.99483,0.99504,1.50,1.13
2013.10.31 07:01:40.559,0.99482,0.99504,1.50,1.13
2013.10.31 07:01:41.098,0.99483,0.99504,1.50,1.13
2013.10.31 07:01:41.219,0.99483,0.99504,1.50,1.13
2013.10.31 07:01:41.338,0.99483,0.99505,1.50,1.88
2013.10.31 07:01:41.669,0.99482,0.99504,1.50,1.13
2013.10.31 07:01:43.779,0.99481,0.995,1.50,1.13
2013.10.31 07:01:44.078,0.99479,0.995,2.25,1.50
2013.10.31 07:01:44.618,0.99479,0.995,2.25,1.88
2013.10.31 07:01:44.919,0.99478,0.99498,1.13,1.50
2013.10.31 07:01:45.910,0.99478,0.99499,1.88,1.50
2013.10.31 07:01:46.045,0.99478,0.99499,2.63,2.25
2013.10.31 07:01:48.357,0.99482,0.99502,1.50,1.13
2013.10.31 07:01:49.489,0.99481,0.99502,2.25,1.88
2013.10.31 07:01:50.609,0.9948,0.99501,2.25,2.25
2013.10.31 07:01:51.740,0.99481,0.99501,2.25,1.50
2013.10.31 07:01:51.860,0.99482,0.99503,1.50,1.50
2013.10.31 07:01:52.372,0.99486,0.99504,1.50,1.13
2013.10.31 07:01:52.552,0.99482,0.99504,1.50,1.13
2013.10.31 07:01:52.731,0.99484,0.99504,1.50,1.13
2013.10.31 07:01:53.269,0.99484,0.99504,1.50,1.13
2013.10.31 07:01:53.329,0.99484,0.99504,3.00,1.13
2013.10.31 07:01:53.509,0.99483,0.99504,1.50,1.13
2013.10.31 07:01:53.578,0.99484,0.99504,2.25,1.13
2013.10.31 07:01:53.643,0.99487,0.99504,1.50,1.13
2013.10.31 07:01:54.199,0.99486,0.99504,1.50,1.13
2013.10.31 07:01:54.379,0.9948,0.995,2.25,1.13
2013.10.31 07:01:57.049,0.99481,0.995,2.25,1.13
2013.10.31 07:01:57.419,0.99484,0.99503,1.50,1.13
2013.10.31 07:01:57.989,0.99484,0.99504,1.50,2.63
2013.10.31 07:01:58.255,0.99483,0.99503,1.50,1.50
2013.10.31 07:02:00.819,0.99484,0.99503,1.50,1.50
2013.10.31 07:02:01.179,0.9949,0.99507,1.50,1.13
2013.10.31 07:02:01.499,0.99485,0.99506,2.25,1.50
2013.10.31 07:02:01.559,0.99485,0.99506,3.75,1.50
2013.10.31 07:02:02.380,0.9949,0.99506,1.50,1.50
2013.10.31 07:02:03.559,0.9949,0.99508,1.50,1.50
2013.10.31 07:02:04.049,0.9949,0.99511,1.50,2.25
2013.10.31 07:02:05.859,0.99492,0.99511,1.50,1.13
2013.10.31 07:02:06.109,0.99492,0.99511,1.50,1.13
2013.10.31 07:02:09.473,0.99492,0.99513,1.50,1.50
2013.10.31 07:02:09.600,0.99491,0.9951,1.13,1.50
2013.10.31 07:02:09.839,0.99489,0.9951,1.50,1.50
2013.10.31 07:02:10.140,0.99484,0.99506,1.88,1.88
2013.10.31 07:02:10.201,0.99484,0.99506,1.50,1.88
2013.10.31 07:02:10.379,0.99481,0.99503,1.50,2.25
2013.10.31 07:02:10.619,0.99481,0.99503,1.50,2.25
2013.10.31 07:02:10.920,0.99476,0.99497,1.88,2.25
2013.10.31 07:02:10.980,0.99477,0.99497,1.13,1.50
2013.10.31 07:02:11.040,0.9948,0.99499,1.13,1.50
2013.10.31 07:02:11.160,0.99478,0.99499,1.13,1.50
2013.10.31 07:02:11.520,0.99477,0.99499,1.88,1.50
2013.10.31 07:02:11.680,0.99477,0.99499,1.88,1.50
2013.10.31 07:02:12.020,0.99477,0.99499,1.88,1.50
2013.10.31 07:02:12.580,0.99478,0.99499,1.13,1.50
2013.10.31 07:02:13.099,0.99477,0.99499,1.50,1.50
2013.10.31 07:02:15.040,0.99477,0.99499,1.88,1.50
2013.10.31 07:02:15.400,0.99475,0.99495,1.50,2.25
2013.10.31 07:02:15.770,0.99469,0.99489,1.13,1.50
2013.10.31 07:02:16.278,0.99469,0.99491,1.88,2.25
2013.10.31 07:02:16.885,0.99469,0.99491,1.88,2.63
2013.10.31 07:02:17.189,0.99473,0.99493,1.13,1.88
2013.10.31 07:02:17.489,0.99473,0.99493,1.13,1.88
2013.10.31 07:02:17.619,0.99473,0.99493,1.13,1.13
2013.10.31 07:02:18.195,0.99473,0.99494,1.13,2.25
2013.10.31 07:02:18.987,0.99472,0.99493,1.13,1.50
2013.10.31 07:02:19.510,0.99471,0.99493,1.88,1.50
2013.10.31 07:02:19.830,0.9947,0.9949,1.13,1.50
2013.10.31 07:02:19.889,0.99469,0.99489,1.13,1.50
2013.10.31 07:02:20.009,0.99469,0.99489,1.13,1.50
2013.10.31 07:02:20.659,0.99469,0.99489,1.13,1.50
2013.10.31 07:02:21.212,0.99472,0.99488,1.13,1.50
2013.10.31 07:02:21.390,0.99474,0.99493,1.88,1.50
2013.10.31 07:02:21.450,0.99476,0.99496,1.50,1.13
2013.10.31 07:02:21.750,0.99472,0.99494,1.88,1.50
2013.10.31 07:02:22.289,0.99472,0.99492,1.13,1.50
2013.10.31 07:02:23.021,0.99472,0.99492,1.13,1.50
2013.10.31 07:02:23.909,0.99472,0.99493,2.63,2.25
2013.10.31 07:02:27.652,0.99472,0.99493,2.25,1.50
2013.10.31 07:02:29.171,0.99473,0.99493,1.88,1.50
2013.10.31 07:02:29.229,0.99473,0.99493,1.13,1.50
2013.10.31 07:02:29.650,0.99474,0.99496,1.50,1.50
2013.10.31 07:02:30.000,0.99477,0.99498,1.50,1.50
2013.10.31 07:02:31.649,0.99476,0.99497,1.50,1.50
2013.10.31 07:02:31.723,0.99474,0.99496,2.25,1.50
2013.10.31 07:02:43.589,0.99474,0.99496,1.88,1.50
2013.10.31 07:02:45.710,0.99474,0.99497,1.88,1.50
2013.10.31 07:02:46.249,0.99476,0.99498,1.50,1.50
2013.10.31 07:02:50.639,0.99476,0.99498,1.50,2.25
2013.10.31 07:02:51.109,0.99481,0.99501,1.88,1.13
2013.10.31 07:02:51.349,0.99477,0.99497,1.13,1.50
2013.10.31 07:02:51.709,0.99477,0.99493,1.13,1.50
2013.10.31 07:02:54.769,0.99477,0.99497,1.50,1.50
2013.10.31 07:02:57.819,0.99476,0.99497,1.88,1.50
2013.10.31 07:02:57.879,0.99476,0.99494,1.13,1.50
2013.10.31 07:02:58.669,0.99477,0.99494,1.13,1.50
2013.10.31 07:02:59.609,0.99477,0.99496,1.13,1.50
2013.10.31 07:03:03.608,0.99477,0.99496,1.13,1.50
2013.10.31 07:03:03.789,0.9948,0.99499,1.13,1.50
2013.10.31 07:03:03.909,0.9948,0.99502,1.13,1.88
2013.10.31 07:03:04.511,0.99483,0.99502,1.13,1.50
2013.10.31 07:03:05.244,0.9948,0.99502,1.50,1.50
2013.10.31 07:03:05.649,0.99483,0.99505,2.63,2.63
2013.10.31 07:03:06.160,0.99483,0.99504,1.13,1.50
2013.10.31 07:03:06.710,0.99485,0.99505,1.50,1.50
2013.10.31 07:03:06.830,0.99483,0.99503,1.13,1.50
2013.10.31 07:03:07.400,0.99483,0.99501,1.13,1.50
2013.10.31 07:03:08.184,0.99482,0.99501,1.13,1.50
2013.10.31 07:03:08.254,0.99476,0.99499,1.50,2.25
2013.10.31 07:03:08.440,0.99474,0.99495,1.50,1.50
2013.10.31 07:03:08.941,0.99472,0.99491,1.13,1.50
2013.10.31 07:03:11.130,0.99474,0.99493,1.50,1.50
2013.10.31 07:03:11.190,0.99474,0.99494,1.50,1.50
2013.10.31 07:03:11.249,0.99473,0.99494,1.50,1.50
2013.10.31 07:03:12.112,0.99471,0.99492,1.88,1.50
2013.10.31 07:03:12.677,0.99471,0.99489,1.13,1.50
2013.10.31 07:03:13.230,0.99468,0.99489,2.25,1.50
2013.10.31 07:03:22.889,0.99468,0.99489,1.50,2.63
2013.10.31 07:03:24.000,0.99468,0.99489,1.50,2.63
2013.10.31 07:03:30.269,0.99467,0.99488,1.50,1.13
2013.10.31 07:03:30.628,0.99466,0.99486,1.50,1.88
2013.10.31 07:03:31.178,0.99461,0.99483,2.63,1.50
2013.10.31 07:03:32.429,0.99463,0.99483,1.50,1.50
2013.10.31 07:03:38.989,0.99464,0.99486,2.25,1.88
2013.10.31 07:03:44.150,0.99466,0.99486,1.50,1.13
2013.10.31 07:03:44.689,0.99467,0.99489,1.50,1.13
2013.10.31 07:03:46.789,0.99466,0.99487,1.50,1.88
2013.10.31 07:03:53.179,0.99466,0.99486,1.50,1.13
2013.10.31 07:03:56.509,0.99464,0.99484,1.50,1.13
2013.10.31 07:03:56.869,0.99457,0.99476,2.25,1.50
2013.10.31 07:03:57.413,0.99457,0.99476,1.50,1.50
2013.10.31 07:03:57.709,0.99459,0.9948,1.50,1.50
2013.10.31 07:04:09.293,0.99458,0.99479,1.50,1.50
2013.10.31 07:04:09.469,0.99456,0.99478,1.50,1.50
2013.10.31 07:04:10.157,0.99456,0.99477,1.50,1.50
2013.10.31 07:04:10.603,0.99456,0.99475,1.50,1.50
2013.10.31 07:04:26.379,0.99451,0.99469,1.50,1.13
2013.10.31 07:04:26.619,0.99446,0.99466,2.25,1.50
2013.10.31 07:04:27.215,0.99444,0.99465,2.25,2.25
2013.10.31 07:04:27.579,0.99446,0.99465,1.13,1.50
2013.10.31 07:04:31.719,0.99448,0.99468,1.13,2.25
2013.10.31 07:04:34.459,0.99452,0.99468,1.50,1.50
2013.10.31 07:04:34.579,0.99452,0.99471,1.50,1.50
2013.10.31 07:04:34.879,0.99457,0.99476,1.88,1.50
2013.10.31 07:04:35.659,0.99457,0.99479,1.13,1.50
2013.10.31 07:04:36.350,0.99457,0.99477,1.13,1.50
2013.10.31 07:04:36.894,0.99455,0.99475,1.50,1.13
2013.10.31 07:04:37.149,0.99456,0.99478,1.50,1.50
2013.10.31 07:04:39.049,0.99455,0.99477,1.50,2.25
2013.10.31 07:04:39.289,0.9945,0.99472,1.50,1.50
2013.10.31 07:04:39.349,0.9945,0.99473,1.50,1.50
2013.10.31 07:04:39.590,0.99453,0.99474,1.50,2.25
2013.10.31 07:04:42.062,0.99453,0.99473,1.50,1.50
2013.10.31 07:04:42.834,0.99453,0.99473,1.50,1.50
2013.10.31 07:04:43.011,0.99447,0.99468,2.25,2.25
2013.10.31 07:04:43.071,0.99447,0.99468,2.25,2.25
2013.10.31 07:04:43.609,0.99452,0.99474,2.25,1.50
2013.10.31 07:04:44.380,0.99452,0.99471,1.50,1.50
2013.10.31 07:04:45.985,0.99452,0.99472,1.50,1.50
2013.10.31 07:04:50.313,0.99452,0.99473,1.88,1.50
2013.10.31 07:04:50.489,0.9945,0.9947,1.13,1.50
2013.10.31 07:04:50.549,0.99448,0.9947,1.13,1.50
2013.10.31 07:04:50.669,0.9945,0.99469,1.13,1.50
2013.10.31 07:04:50.789,0.9945,0.99469,1.88,2.25
2013.10.31 07:04:51.371,0.99448,0.99469,1.50,1.50
2013.10.31 07:04:53.879,0.9945,0.99472,1.50,2.25
2013.10.31 07:04:53.949,0.99447,0.9947,1.50,1.50
2013.10.31 07:04:54.454,0.99447,0.99468,1.50,2.25
2013.10.31 07:05:00.859,0.99439,0.99459,1.50,1.50
2013.10.31 07:05:00.921,0.99438,0.99459,1.50,1.50
2013.10.31 07:05:01.340,0.99436,0.99457,2.63,1.88
2013.10.31 07:05:01.841,0.99438,0.99458,1.50,1.13
2013.10.31 07:05:01.900,0.99438,0.99459,1.50,2.63
2013.10.31 07:05:02.079,0.99439,0.99459,1.50,1.13
2013.10.31 07:05:07.369,0.99441,0.9946,1.50,1.13
2013.10.31 07:05:08.022,0.99446,0.99465,1.50,1.88
2013.10.31 07:05:08.519,0.99447,0.99465,1.50,1.50
2013.10.31 07:05:08.639,0.99444,0.99465,1.50,1.50
2013.10.31 07:05:08.699,0.99444,0.99465,1.88,2.25
2013.10.31 07:05:08.759,0.99444,0.99465,1.88,1.50
2013.10.31 07:05:09.119,0.99447,0.99468,1.50,1.50
2013.10.31 07:05:09.569,0.99447,0.99469,1.50,1.88
2013.10.31 07:05:10.179,0.99447,0.99469,1.50,1.13
2013.10.31 07:05:10.299,0.99449,0.99469,1.50,1.13
2013.10.31 07:05:11.549,0.99452,0.99472,1.50,1.13
2013.10.31 07:05:11.610,0.99454,0.99473,1.50,2.25
2013.10.31 07:05:12.520,0.99456,0.99477,1.50,1.50
2013.10.31 07:05:12.580,0.99456,0.99478,1.50,1.50
2013.10.31 07:05:12.639,0.99455,0.99477,1.50,1.50
2013.10.31 07:05:13.759,0.99454,0.99476,1.13,1.50
2013.10.31 07:05:15.619,0.99453,0.99476,1.88,1.50
2013.10.31 07:05:16.160,0.99451,0.99472,2.25,1.50
2013.10.31 07:05:16.930,0.99451,0.99472,1.88,1.50
2013.10.31 07:05:17.723,0.99451,0.99469,1.13,1.50
2013.10.31 07:05:27.829,0.9945,0.99469,1.50,1.88
2013.10.31 07:05:29.772,0.9945,0.99469,1.50,1.50
2013.10.31 07:05:35.269,0.99452,0.99472,1.50,1.50
2013.10.31 07:05:48.051,0.99452,0.99472,1.50,1.50
2013.10.31 07:05:51.355,0.99452,0.99472,2.25,1.50
2013.10.31 07:05:55.408,0.99451,0.99472,1.50,1.50
2013.10.31 07:06:01.092,0.9945,0.99471,1.50,1.50
2013.10.31 07:06:01.209,0.99455,0.99474,1.50,1.88
2013.10.31 07:06:01.389,0.99454,0.99474,1.50,1.88
2013.10.31 07:06:01.570,0.99452,0.99474,2.25,1.88
2013.10.31 07:06:02.234,0.99451,0.99473,2.25,2.25
2013.10.31 07:06:05.811,0.99451,0.99473,2.25,2.25
2013.10.31 07:06:08.342,0.99453,0.99474,1.50,1.50
2013.10.31 07:06:09.331,0.99455,0.99473,1.50,1.13
2013.10.31 07:06:17.791,0.99453,0.99474,1.88,1.50
2013.10.31 07:06:26.321,0.99452,0.99472,1.50,1.13
2013.10.31 07:06:36.779,0.99449,0.9947,2.25,2.25
2013.10.31 07:06:39.429,0.99451,0.99473,1.50,3.00
2013.10.31 07:06:40.659,0.99449,0.9947,2.25,1.50
2013.10.31 07:06:41.329,0.99451,0.99472,2.25,1.50
2013.10.31 07:06:48.099,0.99452,0.99475,1.88,1.88
2013.10.31 07:06:50.630,0.99452,0.99474,1.88,1.50
2013.10.31 07:06:54.229,0.99453,0.99476,1.50,1.88
2013.10.31 07:06:54.569,0.99453,0.99473,1.50,1.50
2013.10.31 07:06:55.071,0.99454,0.99473,1.50,1.50
2013.10.31 07:06:55.790,0.99452,0.99471,2.25,1.13
2013.10.31 07:06:55.909,0.9945,0.9947,1.88,1.13
2013.10.31 07:06:55.970,0.9945,0.9947,1.13,1.88
2013.10.31 07:06:56.094,0.99447,0.99469,1.50,2.25
2013.10.31 07:06:56.224,0.99446,0.99469,2.63,2.25
2013.10.31 07:06:57.150,0.99446,0.99467,2.25,1.50
2013.10.31 07:06:57.479,0.99446,0.99467,2.25,2.25
2013.10.31 07:06:59.098,0.99447,0.99469,1.88,1.50
2013.10.31 07:07:00.188,0.9945,0.99471,1.88,2.25
2013.10.31 07:07:09.132,0.9945,0.99471,2.25,3.38
2013.10.31 07:07:09.309,0.9945,0.99471,1.88,2.63
2013.10.31 07:07:09.859,0.99448,0.99468,1.50,1.50
2013.10.31 07:07:10.570,0.99449,0.99469,1.50,2.25
2013.10.31 07:07:10.929,0.99452,0.99474,1.50,1.50
2013.10.31 07:07:11.282,0.99454,0.99475,1.50,1.50
2013.10.31 07:07:13.355,0.99455,0.99475,1.50,1.50
2013.10.31 07:07:19.842,0.99457,0.99478,2.25,1.50
2013.10.31 07:07:24.349,0.99459,0.9948,2.25,1.50
2013.10.31 07:07:24.572,0.99459,0.9948,1.50,2.25
2013.10.31 07:07:26.449,0.99459,0.9948,2.25,1.50
2013.10.31 07:07:27.323,0.99459,0.9948,1.50,2.25
2013.10.31 07:07:28.310,0.99459,0.9948,2.25,1.50
2013.10.31 07:07:28.549,0.99462,0.99483,1.50,1.50
2013.10.31 07:07:28.733,0.99462,0.99484,1.50,1.50
2013.10.31 07:07:29.210,0.99465,0.99486,1.50,1.88
2013.10.31 07:07:29.639,0.99463,0.99484,1.50,2.25
2013.10.31 07:07:30.263,0.99461,0.9948,1.50,1.50
2013.10.31 07:07:32.600,0.99461,0.99481,1.88,1.50
2013.10.31 07:07:34.590,0.99461,0.9948,1.50,1.50
2013.10.31 07:07:38.812,0.99461,0.99481,1.88,1.50
2013.10.31 07:07:39.150,0.99461,0.9948,1.50,1.50
2013.10.31 07:07:40.779,0.99457,0.99478,1.50,2.25
2013.10.31 07:07:41.919,0.99457,0.99478,1.88,2.25
2013.10.31 07:07:42.099,0.99459,0.9948,1.50,1.50
2013.10.31 07:07:42.743,0.99462,0.99481,2.25,1.50
2013.10.31 07:07:44.080,0.99463,0.99483,1.50,1.13
2013.10.31 07:07:44.269,0.99459,0.99481,1.88,1.50
2013.10.31 07:07:45.919,0.9946,0.99481,1.50,1.50
2013.10.31 07:07:57.500,0.9946,0.99482,1.50,1.50
2013.10.31 07:07:58.071,0.9946,0.99481,1.50,1.50
2013.10.31 07:08:01.198,0.99461,0.99482,1.50,1.50
2013.10.31 07:08:03.839,0.9946,0.99481,2.25,2.25
2013.10.31 07:08:07.530,0.99461,0.99482,1.50,1.50
2013.10.31 07:08:07.652,0.99463,0.99485,1.50,1.50
2013.10.31 07:08:07.710,0.99464,0.99485,1.50,1.50
2013.10.31 07:08:08.011,0.99467,0.99486,2.25,1.13
2013.10.31 07:08:08.692,0.9947,0.99488,1.50,1.13
2013.10.31 07:08:17.821,0.99469,0.9949,1.50,1.88
2013.10.31 07:08:19.360,0.99468,0.9949,1.50,1.88
2013.10.31 07:08:19.659,0.99468,0.9949,1.50,1.50
2013.10.31 07:08:20.799,0.9947,0.99491,1.50,2.25
2013.10.31 07:08:29.119,0.9947,0.9949,1.50,1.13
2013.10.31 07:08:29.239,0.99468,0.99489,1.50,1.13
2013.10.31 07:08:29.669,0.99468,0.9949,1.50,2.25
2013.10.31 07:08:31.379,0.99468,0.9949,2.25,2.63
2013.10.31 07:08:31.819,0.99468,0.9949,1.50,2.63
2013.10.31 07:08:32.884,0.99466,0.99487,1.50,1.50
2013.10.31 07:08:37.869,0.99467,0.99489,1.50,2.25
2013.10.31 07:08:52.360,0.99467,0.99489,1.50,2.25
2013.10.31 07:09:15.580,0.99468,0.99489,1.88,1.50
2013.10.31 07:09:17.519,0.99468,0.99488,1.88,1.50
2013.10.31 07:09:18.648,0.99468,0.99488,1.13,1.50
2013.10.31 07:09:18.829,0.99473,0.9949,1.13,1.50
2013.10.31 07:09:18.890,0.99474,0.99493,1.50,1.13
2013.10.31 07:09:19.250,0.99477,0.99495,1.13,1.50
2013.10.31 07:09:20.189,0.9948,0.99499,1.13,1.50
2013.10.31 07:09:20.749,0.99479,0.99499,1.13,1.50
2013.10.31 07:09:21.200,0.9948,0.99499,1.13,1.50
2013.10.31 07:09:22.608,0.9948,0.99499,1.13,1.50
2013.10.31 07:09:28.021,0.9948,0.99499,1.13,1.50
2013.10.31 07:09:30.811,0.99479,0.99499,1.13,1.50
2013.10.31 07:09:30.870,0.9948,0.99499,1.50,1.50
2013.10.31 07:09:33.110,0.99479,0.995,1.50,1.50
2013.10.31 07:09:33.229,0.99477,0.99499,2.63,1.88
2013.10.31 07:09:33.744,0.99477,0.99498,2.25,1.50
2013.10.31 07:09:34.269,0.99477,0.99497,2.25,1.50
2013.10.31 07:09:51.359,0.99478,0.99498,1.50,1.50
2013.10.31 07:09:51.639,0.99479,0.99502,1.50,1.88
2013.10.31 07:09:52.120,0.99484,0.99503,1.13,1.50
2013.10.31 07:09:52.420,0.99486,0.99509,2.63,2.25
2013.10.31 07:09:52.481,0.99489,0.99511,1.88,2.63
2013.10.31 07:09:52.840,0.99491,0.99511,1.13,1.50
2013.10.31 07:09:53.309,0.99492,0.99511,1.13,1.50
2013.10.31 07:09:54.019,0.99492,0.99511,1.13,1.50
2013.10.31 07:09:54.550,0.99491,0.99511,1.50,1.50
2013.10.31 07:09:55.120,0.9949,0.99511,1.50,1.50
2013.10.31 07:09:57.310,0.99489,0.99508,1.13,1.50
2013.10.31 07:09:57.992,0.9949,0.99509,1.13,1.50
2013.10.31 07:10:00.339,0.99491,0.99511,1.88,1.50
2013.10.31 07:10:00.400,0.99491,0.99512,1.88,1.50
2013.10.31 07:10:00.699,0.99493,0.99514,1.13,1.50
2013.10.31 07:10:00.880,0.99495,0.99516,1.50,1.50
2013.10.31 07:10:01.140,0.99496,0.99516,1.88,1.50
2013.10.31 07:10:02.208,0.99496,0.99516,1.88,1.50
2013.10.31 07:10:04.849,0.99496,0.99516,1.88,1.50
2013.10.31 07:10:09.250,0.99496,0.99516,1.88,1.50
2013.10.31 07:10:11.029,0.99496,0.99516,1.50,1.50
2013.10.31 07:10:11.150,0.99494,0.99514,1.13,1.50
2013.10.31 07:10:11.389,0.99489,0.9951,1.13,1.50
2013.10.31 07:10:12.930,0.99484,0.99506,1.50,1.50
2013.10.31 07:10:13.049,0.99486,0.99508,1.50,1.50
2013.10.31 07:10:13.170,0.99487,0.99508,1.50,1.50
2013.10.31 07:10:13.350,0.99489,0.99509,1.50,1.88
2013.10.31 07:10:17.389,0.99486,0.99508,1.50,2.25
2013.10.31 07:10:17.630,0.99482,0.99503,1.50,1.50
2013.10.31 07:10:17.930,0.99481,0.99501,1.13,1.50
2013.10.31 07:10:18.490,0.99476,0.99497,2.25,1.50
2013.10.31 07:10:18.850,0.99476,0.99496,1.50,2.25
2013.10.31 07:10:19.150,0.99476,0.99495,1.50,1.50
2013.10.31 07:10:19.209,0.99476,0.99497,1.50,1.50
2013.10.31 07:10:19.390,0.99476,0.99495,1.88,1.50
2013.10.31 07:10:19.760,0.99476,0.99495,1.88,1.50
2013.10.31 07:10:19.880,0.99477,0.99499,1.50,2.25
2013.10.31 07:10:21.760,0.99472,0.99493,1.50,1.50
2013.10.31 07:10:22.120,0.99469,0.9949,1.50,1.50
2013.10.31 07:10:22.569,0.99469,0.9949,1.50,1.50
2013.10.31 07:10:22.630,0.99467,0.99483,1.50,1.13
2013.10.31 07:10:22.750,0.9946,0.99481,2.63,1.50
2013.10.31 07:10:22.990,0.9946,0.99482,1.50,1.50
2013.10.31 07:10:23.050,0.99464,0.99484,1.13,1.50
2013.10.31 07:10:23.109,0.99465,0.99486,2.25,1.50
2013.10.31 07:10:23.919,0.99465,0.99486,2.63,2.25
2013.10.31 07:10:24.341,0.99462,0.99483,1.88,1.50
2013.10.31 07:10:27.081,0.99462,0.99483,1.50,1.50
2013.10.31 07:10:27.828,0.99462,0.99484,1.88,1.50
2013.10.31 07:10:28.191,0.99466,0.99486,2.25,1.13
2013.10.31 07:10:28.430,0.99467,0.99487,1.13,1.88
2013.10.31 07:10:28.814,0.99467,0.99487,1.13,1.50
2013.10.31 07:10:28.888,0.99468,0.9949,3.00,1.88
2013.10.31 07:10:28.952,0.99468,0.9949,1.50,2.63
2013.10.31 07:10:29.369,0.9947,0.99489,1.50,1.13
2013.10.31 07:10:29.611,0.99468,0.99489,1.50,1.88
2013.10.31 07:10:29.850,0.99466,0.99485,1.13,2.25
2013.10.31 07:10:29.910,0.99466,0.99485,1.88,1.50
2013.10.31 07:10:30.211,0.99465,0.99483,2.25,1.88
2013.10.31 07:10:30.270,0.99462,0.99482,1.88,1.13
2013.10.31 07:10:30.391,0.99461,0.9948,1.50,1.50
2013.10.31 07:10:30.810,0.99461,0.99482,2.25,1.13
2013.10.31 07:10:31.490,0.99463,0.99482,1.50,1.50
2013.10.31 07:10:31.609,0.9946,0.9948,1.13,1.50
2013.10.31 07:10:32.069,0.99461,0.9948,1.13,1.50
2013.10.31 07:10:32.609,0.99462,0.9948,1.13,1.50
2013.10.31 07:10:34.789,0.99462,0.99481,1.88,1.50
2013.10.31 07:10:37.179,0.99462,0.99481,1.50,1.50
2013.10.31 07:10:42.349,0.99462,0.99482,1.50,1.50
2013.10.31 07:10:42.629,0.99466,0.99484,1.13,1.50
2013.10.31 07:10:45.115,0.99467,0.99487,1.13,1.13
2013.10.31 07:10:45.299,0.99468,0.99487,1.13,1.13
2013.10.31 07:10:45.725,0.99465,0.99484,1.13,1.88
2013.10.31 07:10:50.410,0.99463,0.99482,1.50,2.63
2013.10.31 07:10:50.529,0.99455,0.99476,3.38,2.25
2013.10.31 07:10:50.829,0.99455,0.99476,1.50,2.25
2013.10.31 07:10:51.395,0.99454,0.99473,1.88,1.13
2013.10.31 07:10:51.907,0.99455,0.99474,1.50,1.13
2013.10.31 07:10:51.976,0.99454,0.99474,1.50,1.13
2013.10.31 07:10:52.576,0.99453,0.99474,1.50,1.13
2013.10.31 07:10:54.878,0.99454,0.99474,1.13,1.13
2013.10.31 07:10:54.940,0.99456,0.99477,1.50,1.13
2013.10.31 07:10:55.059,0.99457,0.99479,2.25,2.25
2013.10.31 07:10:55.360,0.99462,0.99479,1.50,1.50
2013.10.31 07:10:55.420,0.99462,0.99479,1.50,1.13
2013.10.31 07:10:55.810,0.99459,0.99479,1.50,1.13
2013.10.31 07:10:55.930,0.99464,0.99479,1.50,1.13
2013.10.31 07:10:56.230,0.99461,0.99479,1.50,1.13
2013.10.31 07:10:57.530,0.99463,0.99479,1.50,1.13
2013.10.31 07:10:58.070,0.99461,0.99479,1.50,1.13
2013.10.31 07:10:59.500,0.99461,0.99479,1.50,1.13
2013.10.31 07:11:01.127,0.99461,0.99479,1.50,1.13
2013.10.31 07:11:01.449,0.99461,0.99479,1.50,1.13
2013.10.31 07:11:01.630,0.9946,0.99479,2.25,1.13
2013.10.31 07:11:01.690,0.9946,0.99479,1.50,1.13
2013.10.31 07:11:01.870,0.9946,0.99479,1.50,1.13
2013.10.31 07:11:03.209,0.9946,0.99479,1.50,1.13
2013.10.31 07:11:03.797,0.99461,0.99479,1.50,1.13
2013.10.31 07:11:03.859,0.99461,0.99479,1.50,1.13
2013.10.31 07:11:04.095,0.99461,0.99479,1.50,1.13
2013.10.31 07:11:05.040,0.99461,0.99479,2.25,1.13
2013.10.31 07:11:05.872,0.99461,0.99482,1.50,1.13
2013.10.31 07:11:08.025,0.99461,0.99482,1.50,1.50
2013.10.31 07:11:18.863,0.99459,0.99479,1.13,1.50
2013.10.31 07:11:31.171,0.99459,0.99479,1.50,1.50
2013.10.31 07:11:31.711,0.99463,0.99483,1.13,1.50
2013.10.31 07:11:33.131,0.99466,0.99484,1.13,1.50
2013.10.31 07:11:33.310,0.99466,0.99487,1.13,1.50
2013.10.31 07:11:39.017,0.99466,0.99486,1.50,1.13
2013.10.31 07:11:39.929,0.99465,0.99485,1.50,1.13
2013.10.31 07:11:40.089,0.99463,0.99485,1.13,1.88
2013.10.31 07:11:40.590,0.99462,0.99482,1.50,1.13
2013.10.31 07:11:40.710,0.99456,0.99478,1.88,1.50
2013.10.31 07:11:40.845,0.99456,0.99475,1.50,1.50
2013.10.31 07:11:41.150,0.99462,0.99481,1.50,1.13
2013.10.31 07:12:00.411,0.9946,0.99481,1.50,2.25
2013.10.31 07:12:03.436,0.9946,0.99481,2.25,1.50
2013.10.31 07:12:08.330,0.9946,0.99481,2.25,2.25
2013.10.31 07:12:10.571,0.99457,0.99478,1.88,2.63
2013.10.31 07:12:11.820,0.99458,0.99477,1.13,1.50
2013.10.31 07:12:11.940,0.99458,0.99478,1.13,1.50
2013.10.31 07:12:15.095,0.99461,0.9948,1.50,1.50
2013.10.31 07:12:26.106,0.99461,0.99481,1.50,1.50
2013.10.31 07:12:30.881,0.9946,0.9948,1.50,1.50
2013.10.31 07:12:51.540,0.99458,0.99481,1.50,1.50
2013.10.31 07:12:53.816,0.99458,0.99479,1.50,1.50
2013.10.31 07:12:55.116,0.99458,0.99479,1.50,1.50
2013.10.31 07:13:01.130,0.99459,0.99478,1.50,1.50
2013.10.31 07:13:14.066,0.99461,0.99483,1.50,1.88
2013.10.31 07:13:14.120,0.99461,0.99483,1.88,1.88
2013.10.31 07:13:14.681,0.99463,0.99484,1.13,1.50
2013.10.31 07:13:15.232,0.99463,0.99483,1.13,1.50
2013.10.31 07:13:16.375,0.99464,0.99483,1.13,1.50
2013.10.31 07:13:19.660,0.99465,0.99485,1.50,1.50
2013.10.31 07:13:19.724,0.99465,0.99486,1.50,1.88
2013.10.31 07:13:20.256,0.99467,0.99488,1.50,2.25
2013.10.31 07:13:20.560,0.99468,0.99488,1.13,1.50
2013.10.31 07:13:20.683,0.99472,0.9949,1.13,1.50
2013.10.31 07:13:20.801,0.99472,0.99494,1.88,1.50
2013.10.31 07:13:21.120,0.99474,0.99493,1.13,1.50
2013.10.31 07:13:21.240,0.99475,0.99494,1.50,1.50
2013.10.31 07:13:22.310,0.99476,0.99497,2.25,1.50
2013.10.31 07:13:22.370,0.99478,0.995,1.50,2.25
2013.10.31 07:13:22.550,0.99478,0.995,1.50,1.50
2013.10.31 07:13:23.002,0.99482,0.99505,1.50,1.50
2013.10.31 07:13:23.650,0.9948,0.99501,1.88,1.50
2013.10.31 07:13:24.010,0.99474,0.99493,3.00,1.50
2013.10.31 07:13:24.070,0.99473,0.99493,1.50,1.50
2013.10.31 07:13:24.191,0.99469,0.99491,1.50,1.88
2013.10.31 07:13:24.310,0.99466,0.99489,1.50,1.50
2013.10.31 07:13:24.370,0.99464,0.99487,1.88,1.50
2013.10.31 07:13:25.065,0.99465,0.99488,1.50,1.50
2013.10.31 07:13:32.290,0.99465,0.99487,1.50,1.50
2013.10.31 07:13:40.830,0.99463,0.99483,1.88,1.50
2013.10.31 07:13:41.571,0.99463,0.99483,1.13,1.50
2013.10.31 07:13:42.151,0.99463,0.99483,1.13,1.50
2013.10.31 07:13:55.070,0.99463,0.99483,1.50,1.50
2013.10.31 07:13:58.940,0.99464,0.99483,1.13,1.50
2013.10.31 07:13:59.831,0.99463,0.99483,1.50,2.25
2013.10.31 07:14:02.455,0.99462,0.99483,1.88,2.25
2013.10.31 07:14:02.762,0.99459,0.99471,1.13,1.50
2013.10.31 07:14:02.881,0.99451,0.99471,1.13,1.50
2013.10.31 07:14:03.409,0.99451,0.99472,1.88,2.25
2013.10.31 07:14:04.211,0.99451,0.99472,1.88,1.50
2013.10.31 07:14:04.560,0.99454,0.99473,1.13,1.50
2013.10.31 07:14:04.800,0.99454,0.99476,1.50,1.50
2013.10.31 07:14:05.104,0.99454,0.99475,1.50,1.50
2013.10.31 07:14:05.554,0.99454,0.99473,1.50,1.13
2013.10.31 07:14:05.631,0.99454,0.99473,1.50,1.13
2013.10.31 07:14:06.144,0.99454,0.99473,1.50,1.13
2013.10.31 07:14:16.360,0.99457,0.99475,1.13,1.50
2013.10.31 07:14:16.420,0.99458,0.99478,1.13,2.25
2013.10.31 07:14:16.961,0.99459,0.9948,2.25,1.13
2013.10.31 07:14:19.746,0.99461,0.99481,1.13,1.50
2013.10.31 07:14:28.181,0.99458,0.99477,1.13,1.50
2013.10.31 07:14:28.600,0.99458,0.99478,1.50,2.25
2013.10.31 07:14:28.901,0.99457,0.99478,2.25,2.25
2013.10.31 07:14:29.341,0.99458,0.99478,1.50,1.50
2013.10.31 07:14:30.900,0.99457,0.99477,2.25,1.50
2013.10.31 07:14:33.142,0.99458,0.99478,1.50,1.50
2013.10.31 07:14:33.320,0.99465,0.99486,1.50,1.88
2013.10.31 07:14:33.442,0.99464,0.99485,1.50,2.25
2013.10.31 07:14:33.561,0.99464,0.99486,1.50,1.50
2013.10.31 07:14:33.741,0.99462,0.99483,1.50,1.50
2013.10.31 07:14:33.800,0.99462,0.99482,1.50,1.50
2013.10.31 07:14:37.100,0.99465,0.99487,1.50,1.50
2013.10.31 07:14:37.660,0.99464,0.99485,2.25,1.50
2013.10.31 07:14:37.842,0.99467,0.99486,1.50,1.50
2013.10.31 07:14:38.140,0.99463,0.99485,1.50,1.50
2013.10.31 07:14:38.320,0.99462,0.99483,1.50,2.63
2013.10.31 07:14:42.800,0.9946,0.99481,1.50,1.50
2013.10.31 07:15:02.900,0.99459,0.99478,1.13,1.50
2013.10.31 07:15:05.360,0.9946,0.99479,1.88,1.50
2013.10.31 07:15:10.511,0.99461,0.99479,1.13,1.50
2013.10.31 07:15:18.623,0.99461,0.99479,1.13,1.50
2013.10.31 07:15:34.072,0.9946,0.99479,1.13,1.50
2013.10.31 07:15:35.060,0.99461,0.99479,1.13,1.50
2013.10.31 07:15:35.810,0.99461,0.99479,1.13,1.50
2013.10.31 07:15:44.102,0.9946,0.99479,1.88,1.50
2013.10.31 07:15:44.384,0.9946,0.99479,1.13,1.50
2013.10.31 07:15:50.860,0.99458,0.99478,1.13,1.50
2013.10.31 07:15:51.400,0.99457,0.99475,1.13,1.50
2013.10.31 07:16:03.652,0.99457,0.99475,1.13,1.50
2013.10.31 07:16:05.121,0.99458,0.99477,1.13,1.50
2013.10.31 07:16:11.171,0.99457,0.99475,1.13,1.50
2013.10.31 07:16:16.270,0.99457,0.99475,1.13,1.50
2013.10.31 07:16:16.963,0.99455,0.99475,1.88,1.50
2013.10.31 07:16:38.931,0.99454,0.99473,1.88,1.13
2013.10.31 07:16:38.990,0.99452,0.99473,1.13,1.88
2013.10.31 07:16:39.170,0.99452,0.9947,1.13,1.50
2013.10.31 07:16:39.690,0.99452,0.9947,1.13,1.50
2013.10.31 07:16:40.241,0.99446,0.99468,2.63,2.25
2013.10.31 07:16:40.610,0.99453,0.99473,1.50,1.50
2013.10.31 07:16:40.911,0.99456,0.99478,1.50,1.88
2013.10.31 07:16:41.570,0.99456,0.99478,2.25,1.50
2013.10.31 07:16:41.630,0.9946,0.99479,2.25,1.50
2013.10.31 07:16:41.750,0.99465,0.99484,2.25,1.13
2013.10.31 07:16:41.871,0.99465,0.99481,1.50,1.13
2013.10.31 07:16:42.051,0.99461,0.99479,1.50,1.13
2013.10.31 07:16:42.170,0.99458,0.99477,1.50,1.13
2013.10.31 07:16:42.410,0.99456,0.99479,1.50,1.88
2013.10.31 07:16:43.063,0.99456,0.99476,1.50,1.50
2013.10.31 07:16:43.240,0.99451,0.99472,1.13,1.88
2013.10.31 07:16:43.480,0.99453,0.99471,1.13,1.50
2013.10.31 07:16:43.661,0.99453,0.99472,1.13,1.50
2013.10.31 07:16:44.835,0.99454,0.99475,1.50,2.25
2013.10.31 07:16:46.472,0.99454,0.99475,1.50,2.25
2013.10.31 07:16:48.050,0.99454,0.99475,2.25,2.25
2013.10.31 07:16:54.942,0.99454,0.99475,1.88,2.25
2013.10.31 07:17:04.394,0.99454,0.99475,1.88,1.50
2013.10.31 07:17:04.930,0.99455,0.99475,1.50,1.50
2013.10.31 07:17:09.100,0.99452,0.99473,1.13,2.25
2013.10.31 07:17:10.070,0.99452,0.99473,1.13,2.25
2013.10.31 07:17:10.310,0.99451,0.99473,1.88,1.50
2013.10.31 07:17:10.811,0.99451,0.99473,1.88,1.50
2013.10.31 07:17:10.930,0.99452,0.99474,1.13,1.50
2013.10.31 07:17:11.110,0.99452,0.99473,1.13,1.50
2013.10.31 07:17:11.661,0.99452,0.99473,1.50,2.25
2013.10.31 07:17:12.230,0.99452,0.99473,1.88,2.25
2013.10.31 07:17:12.500,0.99455,0.99473,1.13,1.50
2013.10.31 07:17:13.790,0.99452,0.99473,1.88,2.25
2013.10.31 07:17:14.030,0.99452,0.99473,1.50,2.25
2013.10.31 07:17:22.551,0.99452,0.99473,1.88,2.25
2013.10.31 07:17:22.910,0.99455,0.99473,1.13,1.50
2013.10.31 07:17:29.030,0.99452,0.99473,1.13,1.50
2013.10.31 07:17:29.090,0.99451,0.99473,2.63,1.50
2013.10.31 07:17:32.191,0.99454,0.99475,1.50,2.25
2013.10.31 07:17:32.311,0.99451,0.99474,1.88,2.25
2013.10.31 07:17:35.861,0.99451,0.99473,1.13,1.50
2013.10.31 07:17:52.900,0.99452,0.99474,1.50,1.50
2013.10.31 07:17:54.281,0.99452,0.99474,1.50,1.50
2013.10.31 07:17:54.580,0.99454,0.99476,1.88,1.50
2013.10.31 07:17:59.930,0.99454,0.99474,1.88,1.50
2013.10.31 07:18:00.300,0.99451,0.99471,1.50,1.50
2013.10.31 07:18:03.071,0.9945,0.99471,1.13,1.50
2013.10.31 07:18:08.580,0.99449,0.99471,1.50,1.50
2013.10.31 07:18:12.881,0.99448,0.99467,1.50,1.50
2013.10.31 07:18:13.432,0.99447,0.99468,1.88,1.50
2013.10.31 07:18:37.043,0.99445,0.99465,1.50,1.50
2013.10.31 07:18:40.601,0.99446,0.99467,1.50,2.25
2013.10.31 07:18:41.040,0.99446,0.99467,1.50,2.25
2013.10.31 07:18:42.830,0.99446,0.99467,1.50,2.25
2013.10.31 07:18:44.561,0.99446,0.99467,1.50,2.25
2013.10.31 07:18:47.491,0.99447,0.99468,1.50,1.50
2013.10.31 07:19:01.063,0.99447,0.99468,1.50,1.50
2013.10.31 07:19:02.161,0.99444,0.99465,1.88,1.50
2013.10.31 07:19:02.280,0.99444,0.9946,1.13,1.50
2013.10.31 07:19:05.472,0.99442,0.99461,1.13,1.50
2013.10.31 07:19:08.730,0.99442,0.99461,1.13,1.50
2013.10.31 07:19:08.851,0.99442,0.99459,1.13,1.50
2013.10.31 07:19:14.520,0.99442,0.99459,1.13,1.50
2013.10.31 07:19:14.821,0.99445,0.99459,1.50,1.50
2013.10.31 07:19:15.060,0.99446,0.99465,1.50,1.50
2013.10.31 07:19:15.181,0.99445,0.99464,2.25,1.50
2013.10.31 07:19:15.443,0.99445,0.99464,1.88,2.25
2013.10.31 07:19:16.000,0.99445,0.99463,1.13,1.50
2013.10.31 07:19:22.881,0.99442,0.99463,4.13,2.25
2013.10.31 07:19:23.421,0.99442,0.99463,2.63,2.25
2013.10.31 07:19:23.947,0.99445,0.99466,1.50,1.50
2013.10.31 07:19:30.895,0.99446,0.99467,1.13,1.50
2013.10.31 07:19:31.252,0.99452,0.9947,1.13,2.25
2013.10.31 07:19:35.751,0.99447,0.99468,1.50,1.50
2013.10.31 07:19:36.171,0.99447,0.99467,1.88,1.50
2013.10.31 07:19:37.034,0.99451,0.9947,1.88,1.50
2013.10.31 07:19:39.132,0.99455,0.99472,1.13,1.88
2013.10.31 07:19:39.584,0.99454,0.9947,1.50,1.50
2013.10.31 07:19:39.941,0.99456,0.99476,1.50,1.13
2013.10.31 07:19:40.123,0.99454,0.99474,1.50,1.50
2013.10.31 07:19:40.182,0.99454,0.99474,1.13,1.50
2013.10.31 07:19:40.601,0.99456,0.99473,1.13,1.50
2013.10.31 07:19:46.111,0.99456,0.99475,1.13,1.50
2013.10.31 07:19:50.341,0.99451,0.99473,1.50,1.50
2013.10.31 07:19:50.522,0.99451,0.99473,1.50,1.50
2013.10.31 07:19:50.583,0.99451,0.99472,1.50,1.50
2013.10.31 07:20:00.930,0.99451,0.9947,1.50,1.50
2013.10.31 07:20:10.291,0.99452,0.99473,1.50,2.25
2013.10.31 07:20:10.811,0.99449,0.9947,2.25,2.25
2013.10.31 07:20:15.181,0.99449,0.9947,2.25,1.50
2013.10.31 07:20:16.241,0.99453,0.99474,1.50,1.50
2013.10.31 07:20:17.790,0.99454,0.99472,1.13,1.50
2013.10.31 07:20:18.291,0.99451,0.9947,1.88,1.50
2013.10.31 07:20:21.546,0.99454,0.99472,1.13,1.50
2013.10.31 07:20:22.135,0.99454,0.9947,1.13,1.50
2013.10.31 07:20:23.651,0.99451,0.99465,1.13,1.50
2013.10.31 07:20:23.773,0.99445,0.99465,1.13,1.50
2013.10.31 07:20:23.892,0.99443,0.99464,1.13,1.50
2013.10.31 07:20:24.692,0.99443,0.99463,1.13,1.50
2013.10.31 07:20:25.771,0.99443,0.99463,1.13,2.25
2013.10.31 07:20:31.264,0.99445,0.99467,1.50,1.50
2013.10.31 07:20:31.334,0.99446,0.99467,1.50,1.50
2013.10.31 07:20:35.873,0.99447,0.99467,1.13,1.50
2013.10.31 07:20:38.620,0.99447,0.99467,1.13,1.50
2013.10.31 07:20:39.260,0.99447,0.99466,1.13,1.50
2013.10.31 07:20:40.851,0.99446,0.99464,1.13,1.50
2013.10.31 07:20:42.060,0.99441,0.99462,4.13,2.25
2013.10.31 07:20:44.581,0.99441,0.99464,1.13,1.50
2013.10.31 07:20:44.641,0.9944,0.99464,1.50,1.50
2013.10.31 07:20:44.994,0.9944,0.99464,1.50,1.88
2013.10.31 07:20:45.077,0.99438,0.99458,1.13,1.50
2013.10.31 07:20:45.600,0.99437,0.99457,1.13,1.50
2013.10.31 07:20:45.660,0.99437,0.99457,1.13,1.50
2013.10.31 07:20:47.398,0.99437,0.99457,1.13,1.50
2013.10.31 07:20:48.751,0.99434,0.99455,1.88,1.50
2013.10.31 07:20:48.871,0.99432,0.99453,3.38,2.25
2013.10.31 07:20:49.230,0.99431,0.9945,1.13,1.50
2013.10.31 07:20:49.531,0.99431,0.9945,1.13,1.50
2013.10.31 07:20:59.282,0.99434,0.99451,1.13,1.50
2013.10.31 07:21:00.342,0.99434,0.99453,1.13,1.50
2013.10.31 07:21:05.818,0.99431,0.99452,1.50,1.13
2013.10.31 07:21:09.740,0.99433,0.99453,1.88,1.50
2013.10.31 07:21:16.620,0.99434,0.99455,2.25,1.88
2013.10.31 07:21:17.841,0.99434,0.99455,2.25,1.88
2013.10.31 07:21:18.981,0.99434,0.99455,1.50,2.25
2013.10.31 07:21:19.881,0.99434,0.99453,1.50,1.13
2013.10.31 07:21:20.001,0.99429,0.99449,1.50,1.88
2013.10.31 07:21:20.061,0.99429,0.99449,1.50,1.88
2013.10.31 07:21:20.181,0.99425,0.99446,1.50,1.50
2013.10.31 07:21:20.240,0.99424,0.99446,1.50,1.50
2013.10.31 07:21:25.281,0.99425,0.99446,1.50,1.50
2013.10.31 07:21:25.791,0.99428,0.99448,1.50,1.50
2013.10.31 07:21:26.290,0.99428,0.99448,1.50,1.50
2013.10.31 07:21:26.541,0.99423,0.99444,1.88,1.88
2013.10.31 07:21:26.661,0.99422,0.99443,1.88,1.50
2013.10.31 07:21:27.701,0.99424,0.99443,1.13,1.50
2013.10.31 07:21:31.951,0.99426,0.99444,1.50,1.13
2013.10.31 07:21:32.492,0.99427,0.99444,1.88,1.13
2013.10.31 07:21:32.551,0.99428,0.99448,1.13,1.50
2013.10.31 07:21:32.711,0.99427,0.99448,1.88,2.25
2013.10.31 07:21:36.331,0.99427,0.99448,1.50,2.63
2013.10.31 07:21:36.511,0.99423,0.99443,1.13,1.50
2013.10.31 07:21:37.391,0.99424,0.99444,1.50,1.50
2013.10.31 07:21:40.400,0.99427,0.99446,1.50,1.50
2013.10.31 07:21:40.902,0.99429,0.99449,1.13,1.50
2013.10.31 07:21:41.081,0.9943,0.99451,1.88,1.50
2013.10.31 07:21:41.141,0.99431,0.99451,1.88,1.50
2013.10.31 07:21:41.261,0.99432,0.99453,1.50,1.50
2013.10.31 07:21:41.782,0.99432,0.99453,1.88,1.50
2013.10.31 07:21:50.807,0.99432,0.99453,1.88,2.25
2013.10.31 07:21:51.051,0.99432,0.99453,1.88,1.50
2013.10.31 07:21:51.171,0.99432,0.99453,1.88,1.50
2013.10.31 07:21:51.702,0.99432,0.99453,1.88,1.50
2013.10.31 07:21:51.798,0.99432,0.99453,1.88,2.25
2013.10.31 07:21:51.960,0.99432,0.99453,1.88,2.25
2013.10.31 07:21:56.202,0.99432,0.99453,1.50,1.50
2013.10.31 07:22:00.047,0.99432,0.99453,1.50,2.25
2013.10.31 07:22:01.391,0.99432,0.99453,1.50,1.50
2013.10.31 07:22:05.842,0.99433,0.99454,1.50,1.50
2013.10.31 07:22:06.926,0.99435,0.99457,1.50,2.25
2013.10.31 07:22:09.711,0.99434,0.99455,1.50,1.50
2013.10.31 07:22:19.362,0.99434,0.99451,1.50,1.13
2013.10.31 07:22:19.481,0.99432,0.99451,1.50,1.13
2013.10.31 07:22:22.950,0.9943,0.99449,1.50,1.13
2013.10.31 07:22:23.452,0.99429,0.99449,1.50,1.50
2013.10.31 07:22:27.491,0.99427,0.99449,1.50,1.50
2013.10.31 07:22:27.551,0.99427,0.99449,1.50,2.25
2013.10.31 07:22:29.090,0.99427,0.99449,2.25,2.25
2013.10.31 07:22:34.381,0.99422,0.99444,1.88,1.50
2013.10.31 07:22:35.031,0.99422,0.99444,1.13,1.50
2013.10.31 07:22:37.313,0.99421,0.99443,1.88,1.50
2013.10.31 07:22:40.533,0.99421,0.99441,1.88,1.50
2013.10.31 07:22:42.213,0.99421,0.99441,1.50,1.50
2013.10.31 07:22:42.931,0.99418,0.9944,2.25,2.25
2013.10.31 07:22:43.292,0.99415,0.99436,1.88,2.25
2013.10.31 07:22:43.652,0.99417,0.99438,2.25,1.50
2013.10.31 07:22:44.462,0.99415,0.99436,2.25,2.25
2013.10.31 07:22:45.430,0.99418,0.99439,1.50,2.25
2013.10.31 07:22:46.401,0.99418,0.99439,2.25,2.25
2013.10.31 07:22:46.826,0.99419,0.9944,1.50,1.50
2013.10.31 07:22:48.392,0.99421,0.9944,1.50,1.50
2013.10.31 07:22:57.018,0.99419,0.9944,1.50,1.50
2013.10.31 07:23:05.431,0.99422,0.9944,1.50,1.50
2013.10.31 07:23:06.186,0.99423,0.99446,1.50,1.88
2013.10.31 07:23:09.671,0.99424,0.99445,1.50,1.50
2013.10.31 07:23:09.911,0.99426,0.99445,1.50,1.50
2013.10.31 07:23:10.031,0.99427,0.99447,1.50,1.50
2013.10.31 07:23:10.393,0.9943,0.99451,1.50,1.50
2013.10.31 07:23:10.907,0.99428,0.99449,1.50,1.50
2013.10.31 07:23:21.061,0.99428,0.99451,1.50,3.00
2013.10.31 07:23:23.351,0.99428,0.99449,1.50,1.50
2013.10.31 07:23:23.472,0.99426,0.99449,1.50,1.50
2013.10.31 07:23:23.858,0.99427,0.99448,1.50,1.13
2013.10.31 07:23:24.101,0.99427,0.99448,2.25,1.88
2013.10.31 07:23:24.461,0.99429,0.9945,1.50,1.13
2013.10.31 07:23:24.581,0.99426,0.99449,1.50,2.25
2013.10.31 07:23:24.882,0.99424,0.99445,1.50,1.50
2013.10.31 07:23:25.520,0.99426,0.99446,1.50,1.50
2013.10.31 07:23:28.072,0.99426,0.99447,1.50,2.25
2013.10.31 07:23:28.563,0.99424,0.99443,1.88,1.50
2013.10.31 07:23:29.192,0.99423,0.99444,1.13,1.50
2013.10.31 07:23:30.204,0.99424,0.99446,1.88,1.50
2013.10.31 07:23:40.851,0.99425,0.99446,1.50,1.88
2013.10.31 07:23:41.758,0.99427,0.99446,1.50,1.13
2013.10.31 07:23:43.711,0.99427,0.99441,1.50,1.13
2013.10.31 07:23:43.891,0.99417,0.99438,1.88,2.25
2013.10.31 07:23:44.386,0.99418,0.99436,1.88,1.50
2013.10.31 07:23:47.271,0.99421,0.9944,1.13,1.50
2013.10.31 07:23:47.631,0.99425,0.99441,1.50,2.25
2013.10.31 07:23:50.390,0.99424,0.99441,1.50,1.88
2013.10.31 07:23:52.121,0.99424,0.99441,1.50,1.13
2013.10.31 07:23:53.056,0.99425,0.99441,1.50,1.50
2013.10.31 07:23:53.911,0.99425,0.99441,1.50,1.50
2013.10.31 07:23:54.221,0.99425,0.99446,1.50,2.25
2013.10.31 07:23:54.787,0.99427,0.99441,1.50,1.50
2013.10.31 07:24:01.035,0.99423,0.99442,1.50,1.50
2013.10.31 07:24:01.161,0.99423,0.99441,1.50,1.50
2013.10.31 07:24:03.125,0.99425,0.99441,1.50,1.50
2013.10.31 07:24:05.871,0.99423,0.99441,1.50,1.50
2013.10.31 07:24:05.992,0.99419,0.99436,1.13,1.50
2013.10.31 07:24:06.501,0.99418,0.99436,1.13,1.50
2013.10.31 07:24:17.062,0.99411,0.9943,2.63,1.88
2013.10.31 07:24:17.123,0.99411,0.9943,1.88,1.88
2013.10.31 07:24:17.241,0.9941,0.9943,2.25,1.13
2013.10.31 07:24:17.362,0.99411,0.99429,1.50,1.50
2013.10.31 07:24:17.603,0.99411,0.99433,1.88,1.50
2013.10.31 07:24:18.033,0.99417,0.99435,1.50,1.13
2013.10.31 07:24:26.392,0.99419,0.99439,1.50,1.50
2013.10.31 07:24:26.511,0.99421,0.99441,1.88,1.50
2013.10.31 07:24:26.871,0.99426,0.99445,1.88,1.50
2013.10.31 07:24:27.351,0.99426,0.99445,2.63,1.50
2013.10.31 07:24:27.591,0.99429,0.99446,1.88,1.88
2013.10.31 07:24:27.903,0.9943,0.99451,1.50,1.88
2013.10.31 07:24:30.421,0.99432,0.99451,1.13,1.88
2013.10.31 07:24:31.794,0.99432,0.99451,1.13,1.88
2013.10.31 07:24:32.502,0.9943,0.99451,1.88,1.88
2013.10.31 07:24:37.571,0.99431,0.99451,1.13,1.50
2013.10.31 07:24:46.685,0.99431,0.99451,1.88,1.50
2013.10.31 07:24:47.864,0.99431,0.99451,1.88,1.50
2013.10.31 07:24:49.451,0.99431,0.99451,1.88,1.50
2013.10.31 07:24:49.958,0.99438,0.99456,1.88,1.13
2013.10.31 07:24:50.141,0.99438,0.99456,1.88,1.13
2013.10.31 07:24:52.281,0.99437,0.99454,1.13,1.50
2013.10.31 07:24:52.341,0.99434,0.99454,1.13,1.50
2013.10.31 07:24:52.711,0.99434,0.99454,1.13,1.50
2013.10.31 07:24:53.072,0.99436,0.99455,1.88,1.50
2013.10.31 07:24:56.051,0.99437,0.99456,1.13,1.50
2013.10.31 07:25:01.292,0.99438,0.99457,1.13,1.50
2013.10.31 07:25:04.651,0.99438,0.99458,1.13,2.25
2013.10.31 07:25:04.771,0.99436,0.99457,1.88,1.50
2013.10.31 07:25:05.832,0.99436,0.99457,1.88,2.25
2013.10.31 07:25:07.145,0.99436,0.99457,1.88,1.50
2013.10.31 07:25:07.591,0.99437,0.99458,1.50,2.25
2013.10.31 07:25:08.045,0.99439,0.99458,1.13,2.25
2013.10.31 07:25:08.851,0.99441,0.99458,1.13,2.25
2013.10.31 07:25:09.031,0.99442,0.99461,2.63,2.25
2013.10.31 07:25:09.391,0.99448,0.99468,1.50,1.50
2013.10.31 07:25:09.691,0.99451,0.9947,1.13,1.50
2013.10.31 07:25:10.451,0.99452,0.99471,1.13,1.50
2013.10.31 07:25:11.083,0.99452,0.9947,1.13,1.50
2013.10.31 07:25:11.598,0.99452,0.9947,1.13,1.50
2013.10.31 07:25:12.281,0.99452,0.9947,1.13,1.50
2013.10.31 07:25:13.361,0.99451,0.9947,2.63,1.50
2013.10.31 07:25:15.191,0.99452,0.99472,1.13,1.50
2013.10.31 07:25:19.391,0.99451,0.99472,1.50,1.50
2013.10.31 07:25:19.451,0.99449,0.99467,1.50,1.50
2013.10.31 07:25:19.693,0.99447,0.99468,2.25,2.25
2013.10.31 07:25:22.331,0.99447,0.99468,1.50,2.25
2013.10.31 07:25:22.461,0.99445,0.99465,1.50,2.25
2013.10.31 07:25:22.581,0.99443,0.99463,1.50,1.13
2013.10.31 07:25:24.321,0.99443,0.99464,1.50,2.63
2013.10.31 07:25:26.151,0.99443,0.99464,1.88,2.25
2013.10.31 07:25:26.331,0.99444,0.99465,1.88,1.88
2013.10.31 07:25:26.511,0.99446,0.99467,1.50,2.63
2013.10.31 07:25:26.691,0.99443,0.99464,1.88,1.88
2013.10.31 07:25:26.811,0.99445,0.99464,1.50,1.13
2013.10.31 07:25:26.871,0.99447,0.99464,1.50,1.13
2013.10.31 07:25:27.470,0.99448,0.99468,1.50,1.50
2013.10.31 07:25:28.376,0.99448,0.99469,1.50,3.00
2013.10.31 07:25:28.552,0.9945,0.99471,1.50,1.13
2013.10.31 07:25:31.622,0.99452,0.99471,1.50,1.13
2013.10.31 07:25:35.651,0.99452,0.99473,1.50,1.50
2013.10.31 07:25:35.832,0.99447,0.99468,2.25,1.50
2013.10.31 07:25:36.131,0.9945,0.99472,1.50,1.50
2013.10.31 07:25:40.062,0.99453,0.99473,1.13,2.25
2013.10.31 07:25:40.181,0.99455,0.99474,1.50,1.50
2013.10.31 07:25:40.422,0.99455,0.99476,1.88,2.25
2013.10.31 07:25:40.962,0.99455,0.99476,1.50,2.63
2013.10.31 07:25:50.652,0.99455,0.99476,2.25,1.50
2013.10.31 07:25:51.201,0.99457,0.99476,1.13,1.50
2013.10.31 07:25:51.262,0.99458,0.99478,1.88,1.50
2013.10.31 07:25:59.521,0.9946,0.9948,1.50,1.13
2013.10.31 07:25:59.822,0.99461,0.9948,1.50,1.13
2013.10.31 07:25:59.881,0.99459,0.9948,2.25,1.13
2013.10.31 07:26:00.121,0.99459,0.99478,2.25,1.13
2013.10.31 07:26:00.661,0.99457,0.99479,2.25,1.50
2013.10.31 07:26:01.141,0.99457,0.99477,1.13,1.88
2013.10.31 07:26:01.811,0.99457,0.99476,1.50,1.50
2013.10.31 07:26:03.721,0.99455,0.99476,1.13,1.50
2013.10.31 07:26:04.181,0.99453,0.99475,1.50,1.50
2013.10.31 07:26:04.711,0.99451,0.99473,2.25,1.50
2013.10.31 07:26:07.545,0.99449,0.9947,2.25,1.50
2013.10.31 07:26:09.281,0.99448,0.99468,1.13,1.50
2013.10.31 07:26:09.401,0.99447,0.99469,1.88,1.50
2013.10.31 07:26:09.521,0.99447,0.99468,1.13,1.50
2013.10.31 07:26:09.641,0.99446,0.99466,1.88,1.50
2013.10.31 07:26:12.003,0.99446,0.99464,1.13,1.50
2013.10.31 07:26:12.162,0.99445,0.99464,1.13,1.50
2013.10.31 07:26:12.783,0.99446,0.99464,1.13,1.50
2013.10.31 07:26:18.167,0.99445,0.99464,1.13,1.50
2013.10.31 07:26:30.371,0.99443,0.99464,2.25,1.50
2013.10.31 07:26:33.363,0.99445,0.99465,1.13,1.50
2013.10.31 07:26:33.541,0.99446,0.99466,1.13,1.50
2013.10.31 07:26:44.371,0.99445,0.99466,1.50,3.38
2013.10.31 07:26:44.491,0.99442,0.99461,2.25,1.50
2013.10.31 07:26:45.001,0.99438,0.99458,1.13,1.50
2013.10.31 07:26:45.511,0.99442,0.99459,1.13,1.50
2013.10.31 07:26:47.603,0.99441,0.99459,1.13,1.50
2013.10.31 07:27:00.534,0.99441,0.9946,1.13,1.50
2013.10.31 07:27:05.382,0.99441,0.99459,1.13,1.50
2013.10.31 07:27:06.916,0.99442,0.99459,1.13,1.50
2013.10.31 07:27:08.401,0.99443,0.99462,1.13,1.50
2013.10.31 07:27:19.348,0.99442,0.99461,1.88,1.50
2013.10.31 07:27:36.933,0.99444,0.99464,1.13,1.50
2013.10.31 07:27:37.171,0.99446,0.99465,1.88,1.50
2013.10.31 07:27:37.231,0.99447,0.99465,1.13,1.50
2013.10.31 07:27:38.071,0.9945,0.99468,1.13,2.63
2013.10.31 07:27:45.931,0.99452,0.99468,1.13,2.25
2013.10.31 07:27:47.652,0.99452,0.99468,1.13,2.25
2013.10.31 07:28:03.382,0.99452,0.99468,1.13,2.25
2013.10.31 07:28:04.422,0.99452,0.99469,1.13,1.50
2013.10.31 07:28:04.481,0.99452,0.99469,1.13,1.50
2013.10.31 07:28:13.281,0.99452,0.99469,1.13,1.50
2013.10.31 07:28:13.691,0.99452,0.99469,1.13,1.50
2013.10.31 07:28:18.201,0.99451,0.99468,1.13,2.25
2013.10.31 07:28:19.341,0.99451,0.99468,1.13,3.00
2013.10.31 07:28:31.042,0.99448,0.99467,1.50,1.50
2013.10.31 07:28:31.103,0.99447,0.99467,1.13,1.88
2013.10.31 07:28:31.226,0.99446,0.99464,2.25,1.13
2013.10.31 07:28:31.351,0.99446,0.99467,2.25,1.13
2013.10.31 07:28:31.591,0.99446,0.99467,1.50,2.63
2013.10.31 07:28:35.481,0.99442,0.99463,1.88,1.50
2013.10.31 07:28:39.201,0.99442,0.99462,1.50,1.50
2013.10.31 07:28:39.751,0.99442,0.99462,1.13,1.50
2013.10.31 07:28:41.802,0.99441,0.99461,1.13,1.50
2013.10.31 07:28:45.322,0.99438,0.99458,1.50,1.50
2013.10.31 07:28:55.241,0.99436,0.99455,1.13,1.50
2013.10.31 07:28:55.361,0.99436,0.99455,1.88,1.50
2013.10.31 07:28:55.904,0.99436,0.99454,1.13,1.50
2013.10.31 07:28:56.024,0.99436,0.99454,1.13,1.50
2013.10.31 07:28:56.143,0.9944,0.99456,1.13,1.50
2013.10.31 07:28:56.204,0.9944,0.99457,1.88,1.50
2013.10.31 07:28:56.511,0.9944,0.99456,1.13,1.50
2013.10.31 07:28:56.571,0.99438,0.99454,1.50,1.50
2013.10.31 07:28:56.691,0.99437,0.99455,1.50,2.25
2013.10.31 07:28:56.752,0.99434,0.99453,2.25,1.50
2013.10.31 07:28:57.112,0.99434,0.99449,1.13,1.50
2013.10.31 07:28:57.353,0.99434,0.99453,1.13,1.50
2013.10.31 07:28:57.414,0.99434,0.99453,1.13,1.50
2013.10.31 07:29:00.514,0.99429,0.99449,1.50,1.50
2013.10.31 07:29:01.052,0.99429,0.99448,1.13,1.50
2013.10.31 07:29:01.663,0.99429,0.99448,1.50,1.50
2013.10.31 07:29:02.043,0.99429,0.9945,1.50,1.50
2013.10.31 07:29:02.345,0.99431,0.9945,1.50,1.50
2013.10.31 07:29:04.336,0.99429,0.99452,1.88,3.00
2013.10.31 07:29:04.401,0.99429,0.9945,1.88,2.25
2013.10.31 07:29:04.522,0.99429,0.99449,1.13,1.50
2013.10.31 07:29:05.051,0.99429,0.9945,1.13,1.50
2013.10.31 07:29:08.501,0.99431,0.99453,1.50,1.50
2013.10.31 07:29:09.241,0.99434,0.99453,1.50,1.50
2013.10.31 07:29:10.842,0.99434,0.99455,1.50,1.50
2013.10.31 07:29:11.102,0.99434,0.99455,1.50,1.50
2013.10.31 07:29:11.614,0.99432,0.99453,1.50,1.50
2013.10.31 07:29:12.832,0.99432,0.99453,1.50,1.50
2013.10.31 07:29:15.572,0.99432,0.99453,1.50,1.50
2013.10.31 07:29:15.793,0.99435,0.99455,1.50,1.50
2013.10.31 07:29:21.711,0.99436,0.99455,1.50,1.50
2013.10.31 07:29:22.064,0.99436,0.99456,1.50,1.50
2013.10.31 07:29:22.282,0.99435,0.99456,1.50,1.50
2013.10.31 07:29:22.644,0.9943,0.99451,2.25,1.50
2013.10.31 07:29:23.393,0.9943,0.99449,1.88,1.50
2013.10.31 07:29:23.692,0.9943,0.99451,1.50,1.50
2013.10.31 07:29:23.871,0.9943,0.99449,1.50,1.50
2013.10.31 07:29:24.053,0.99428,0.99448,1.13,1.50
2013.10.31 07:29:24.478,0.99426,0.99448,2.25,2.25
2013.10.31 07:29:31.351,0.99426,0.99448,1.50,2.25
2013.10.31 07:29:31.651,0.99426,0.99437,1.50,1.13
2013.10.31 07:29:31.711,0.99426,0.99439,1.50,1.13
2013.10.31 07:29:32.011,0.99417,0.99439,2.63,2.25
2013.10.31 07:29:32.731,0.99419,0.99439,1.13,1.50
2013.10.31 07:29:33.492,0.99426,0.99449,1.50,1.50
2013.10.31 07:29:33.914,0.9943,0.9945,1.50,1.13
2013.10.31 07:29:35.142,0.99428,0.99449,1.50,1.50
2013.10.31 07:29:35.445,0.99433,0.99451,1.13,1.50
2013.10.31 07:29:35.563,0.99439,0.99452,1.50,1.50
2013.10.31 07:29:36.102,0.99441,0.99462,2.25,1.50
2013.10.31 07:29:37.961,0.99441,0.99463,2.63,1.50
2013.10.31 07:29:38.493,0.99442,0.99464,1.50,2.25
2013.10.31 07:29:38.922,0.99442,0.99463,1.50,1.50
2013.10.31 07:29:39.041,0.99441,0.99462,2.25,2.25
2013.10.31 07:29:41.131,0.99441,0.99462,2.25,1.50
2013.10.31 07:29:41.372,0.99445,0.99464,1.50,1.50
2013.10.31 07:29:44.282,0.99446,0.99467,1.50,2.25
2013.10.31 07:29:45.401,0.99446,0.99468,2.25,1.50
2013.10.31 07:29:46.381,0.99449,0.99469,1.50,1.50
2013.10.31 07:29:49.512,0.99447,0.99466,1.50,1.50
2013.10.31 07:29:50.613,0.99444,0.99464,1.50,1.50
2013.10.31 07:29:50.734,0.99442,0.9946,1.13,1.13
2013.10.31 07:29:51.672,0.99436,0.99458,1.50,2.25
2013.10.31 07:29:51.792,0.99435,0.99455,2.25,1.50
2013.10.31 07:29:57.840,0.99435,0.99454,1.50,1.50
2013.10.31 07:30:05.513,0.99433,0.99453,1.50,1.88
2013.10.31 07:30:08.572,0.99432,0.99452,1.50,1.13
2013.10.31 07:30:09.452,0.99431,0.99451,1.50,1.13
2013.10.31 07:30:10.081,0.99429,0.9945,2.25,1.13
2013.10.31 07:30:10.261,0.99426,0.99447,1.88,1.13
2013.10.31 07:30:10.621,0.99424,0.99445,2.25,1.88
2013.10.31 07:30:10.681,0.99424,0.99443,2.25,1.13
2013.10.31 07:30:11.247,0.99424,0.99443,2.25,1.13
2013.10.31 07:30:12.032,0.99424,0.99443,1.50,1.88
2013.10.31 07:30:12.672,0.9942,0.99442,2.25,1.88
2013.10.31 07:30:13.111,0.9942,0.99442,2.25,1.88
2013.10.31 07:30:17.951,0.9942,0.99442,2.25,1.88
2013.10.31 07:30:27.602,0.99422,0.99443,1.50,1.88
2013.10.31 07:30:31.452,0.99422,0.99443,1.50,1.50
2013.10.31 07:30:31.572,0.99423,0.99446,1.50,1.50
2013.10.31 07:30:34.852,0.99423,0.99446,1.50,1.50
2013.10.31 07:30:34.972,0.99427,0.99448,2.25,1.50
2013.10.31 07:30:38.539,0.99427,0.99448,1.88,1.50
2013.10.31 07:30:43.362,0.99426,0.99448,1.50,1.50
2013.10.31 07:30:43.482,0.99421,0.99443,1.50,1.13
2013.10.31 07:30:43.662,0.99421,0.99444,1.50,2.63
2013.10.31 07:30:43.722,0.99421,0.99441,1.50,1.50
2013.10.31 07:30:43.842,0.99418,0.9944,1.50,1.50
2013.10.31 07:30:44.404,0.99418,0.99435,1.13,1.50
2013.10.31 07:30:44.671,0.99415,0.99435,2.25,1.50
2013.10.31 07:30:46.792,0.99417,0.99438,1.13,2.25
2013.10.31 07:30:47.341,0.99417,0.99435,1.13,1.50
2013.10.31 07:30:48.272,0.99417,0.99435,1.13,1.50
2013.10.31 07:30:51.262,0.99417,0.99434,1.13,1.50
2013.10.31 07:30:51.505,0.99417,0.99432,1.13,1.50
2013.10.31 07:30:51.992,0.99412,0.99434,1.13,1.50
2013.10.31 07:30:54.599,0.99411,0.99433,1.88,1.50
2013.10.31 07:30:55.142,0.99412,0.99431,1.13,1.50
2013.10.31 07:30:57.113,0.99413,0.99432,1.13,1.50
2013.10.31 07:30:57.699,0.99413,0.99433,1.13,2.25
2013.10.31 07:31:02.441,0.99413,0.99433,1.88,2.25
2013.10.31 07:31:09.942,0.99415,0.99433,1.13,1.50
2013.10.31 07:31:13.672,0.99415,0.99433,1.13,1.50
2013.10.31 07:31:17.261,0.99415,0.99433,1.13,1.50
2013.10.31 07:31:17.623,0.99415,0.99435,1.13,1.50
2013.10.31 07:31:29.231,0.99415,0.99431,1.13,1.50
2013.10.31 07:31:30.631,0.99415,0.99433,1.13,1.50
2013.10.31 07:31:31.072,0.99413,0.99435,1.50,1.50
2013.10.31 07:31:31.342,0.99413,0.99435,1.13,1.88
2013.10.31 07:31:31.852,0.99413,0.99433,1.13,2.25
2013.10.31 07:31:33.022,0.99412,0.99432,1.50,1.50
2013.10.31 07:31:34.791,0.99413,0.99432,1.13,1.50
2013.10.31 07:31:35.033,0.99415,0.99436,1.50,1.88
2013.10.31 07:31:36.312,0.99418,0.99439,1.50,2.63
2013.10.31 07:31:36.372,0.99418,0.99439,1.50,1.88
2013.10.31 07:31:36.912,0.99418,0.99439,1.50,1.50
2013.10.31 07:31:52.031,0.99419,0.99439,1.50,1.13
2013.10.31 07:31:53.302,0.99419,0.9944,2.25,1.50
2013.10.31 07:31:54.357,0.99421,0.99441,1.50,1.13
2013.10.31 07:31:55.752,0.9942,0.9944,1.50,1.13
2013.10.31 07:31:59.792,0.99419,0.99439,1.50,1.50
2013.10.31 07:32:01.342,0.99415,0.99437,1.88,1.13
2013.10.31 07:32:06.702,0.99415,0.99437,1.88,1.13
2013.10.31 07:32:11.691,0.99417,0.99437,1.50,1.50
2013.10.31 07:32:15.023,0.99419,0.99438,1.50,1.50
2013.10.31 07:32:15.522,0.99421,0.9944,1.50,1.13
2013.10.31 07:32:17.314,0.99421,0.9944,1.50,1.13
2013.10.31 07:32:17.378,0.99421,0.9944,1.50,1.13
2013.10.31 07:32:17.562,0.99422,0.99443,1.50,1.13
2013.10.31 07:32:22.554,0.99422,0.99443,1.50,1.13
2013.10.31 07:32:22.614,0.99422,0.99444,1.50,1.88
2013.10.31 07:32:23.152,0.99423,0.99445,1.50,1.13
2013.10.31 07:32:37.422,0.99426,0.99445,1.50,1.13
2013.10.31 07:32:38.112,0.99425,0.99446,1.50,1.13
2013.10.31 07:32:38.352,0.99425,0.99447,1.50,1.50
2013.10.31 07:32:40.852,0.99425,0.99447,1.50,1.50
2013.10.31 07:32:40.912,0.9943,0.99449,1.50,1.50
2013.10.31 07:32:41.032,0.9943,0.99451,1.50,1.88
2013.10.31 07:32:46.868,0.9943,0.99451,1.50,1.50
2013.10.31 07:32:48.291,0.99431,0.99452,1.50,1.50
2013.10.31 07:32:49.375,0.99431,0.99452,2.25,1.50
2013.10.31 07:32:49.732,0.99435,0.99455,1.50,1.50
2013.10.31 07:32:54.962,0.99436,0.99458,2.25,1.88
2013.10.31 07:32:55.682,0.99441,0.99459,1.50,1.13
2013.10.31 07:32:56.355,0.9944,0.99459,1.50,1.50
2013.10.31 07:32:57.454,0.99437,0.99458,1.50,1.88
2013.10.31 07:33:05.612,0.99435,0.99456,1.88,1.50
2013.10.31 07:33:05.972,0.99434,0.99455,1.50,2.25
2013.10.31 07:33:06.092,0.99433,0.99454,1.13,2.25
2013.10.31 07:33:06.633,0.99432,0.99452,1.50,1.50
2013.10.31 07:33:07.183,0.99429,0.99451,2.25,2.25
2013.10.31 07:33:13.177,0.99429,0.99448,1.50,1.88
2013.10.31 07:33:13.723,0.99427,0.99447,1.50,1.13
2013.10.31 07:33:14.167,0.99427,0.99447,1.50,1.13
2013.10.31 07:33:15.785,0.99426,0.99447,1.50,1.50
2013.10.31 07:33:16.323,0.99428,0.99449,1.50,2.63
2013.10.31 07:33:18.852,0.99426,0.99447,1.50,1.50
2013.10.31 07:33:24.403,0.99427,0.99448,1.50,2.25
2013.10.31 07:33:24.582,0.99425,0.99446,1.50,1.50
2013.10.31 07:33:24.942,0.99419,0.9944,1.50,1.50
2013.10.31 07:33:25.843,0.99418,0.99438,1.50,1.50
2013.10.31 07:33:26.592,0.99417,0.99436,1.13,1.50
2013.10.31 07:33:27.133,0.99417,0.99436,1.13,1.50
2013.10.31 07:33:27.492,0.99417,0.99436,1.13,1.50
2013.10.31 07:33:27.613,0.99419,0.99436,1.13,1.50
2013.10.31 07:33:27.792,0.99421,0.9944,1.50,1.50
2013.10.31 07:33:27.853,0.99421,0.99442,1.50,1.50
2013.10.31 07:33:29.332,0.99421,0.99438,1.50,1.50
2013.10.31 07:33:29.692,0.99416,0.99437,1.50,1.50
2013.10.31 07:33:30.113,0.99417,0.99439,1.88,1.50
2013.10.31 07:33:33.622,0.99418,0.99438,1.13,1.50
2013.10.31 07:33:33.862,0.99416,0.99438,2.63,1.88
2013.10.31 07:33:34.102,0.99416,0.99433,1.13,2.25
2013.10.31 07:33:34.284,0.99412,0.99433,1.50,2.63
2013.10.31 07:33:35.037,0.99412,0.99428,1.13,1.50
2013.10.31 07:33:35.392,0.99412,0.99433,1.13,1.50
2013.10.31 07:33:36.692,0.99411,0.99433,1.88,1.50
2013.10.31 07:33:36.812,0.99411,0.99429,1.13,1.50
2013.10.31 07:33:45.092,0.99412,0.99431,1.13,1.50
2013.10.31 07:33:46.062,0.9941,0.99431,2.63,1.50
2013.10.31 07:33:46.433,0.99411,0.99431,1.13,1.50
2013.10.31 07:33:46.732,0.99418,0.99436,1.50,1.13
2013.10.31 07:33:46.853,0.99418,0.99435,2.25,1.13
2013.10.31 07:33:47.044,0.99418,0.99439,2.25,2.25
2013.10.31 07:33:47.105,0.99418,0.99439,2.25,1.50
2013.10.31 07:33:47.652,0.99418,0.99439,1.50,1.50
2013.10.31 07:33:48.102,0.99419,0.99441,1.50,1.50
2013.10.31 07:33:48.282,0.99421,0.99442,1.50,1.13
2013.10.31 07:33:48.583,0.99421,0.99445,1.88,1.50
2013.10.31 07:33:48.823,0.99421,0.99442,1.50,1.50
2013.10.31 07:33:49.192,0.99419,0.9944,1.50,1.50
2013.10.31 07:33:49.942,0.99418,0.99439,1.13,2.25
2013.10.31 07:33:50.122,0.99415,0.99436,1.13,1.50
2013.10.31 07:33:50.182,0.99415,0.99435,1.13,1.50
2013.10.31 07:33:50.302,0.99416,0.99437,1.50,1.50
2013.10.31 07:33:50.663,0.99416,0.99438,2.25,1.50
2013.10.31 07:33:52.586,0.99416,0.99437,1.50,1.50
2013.10.31 07:33:53.951,0.99417,0.99438,1.50,2.25
2013.10.31 07:34:01.083,0.99416,0.99438,1.50,2.25
2013.10.31 07:34:01.323,0.99417,0.99438,1.50,1.50
2013.10.31 07:34:01.564,0.99415,0.99437,2.63,2.25
2013.10.31 07:34:01.763,0.99417,0.99438,1.88,1.50
2013.10.31 07:34:01.883,0.99419,0.9944,1.50,1.50
2013.10.31 07:34:02.422,0.99416,0.99437,2.63,1.50
2013.10.31 07:34:02.817,0.99416,0.99437,2.63,2.25
2013.10.31 07:34:03.142,0.99416,0.99437,2.63,2.25
2013.10.31 07:34:05.646,0.99416,0.99436,1.88,1.50
2013.10.31 07:34:06.233,0.99416,0.99436,1.13,1.50
2013.10.31 07:34:08.543,0.99415,0.99437,1.50,1.50
2013.10.31 07:34:26.043,0.99415,0.99437,1.13,1.50
2013.10.31 07:34:32.582,0.99418,0.99438,1.88,1.50
2013.10.31 07:34:32.642,0.99418,0.99437,1.13,1.50
2013.10.31 07:34:35.414,0.99418,0.99439,1.88,2.25
2013.10.31 07:34:36.493,0.99418,0.99436,1.13,1.50
2013.10.31 07:34:36.622,0.99417,0.99436,1.13,2.25
2013.10.31 07:34:37.132,0.99415,0.99436,2.63,2.25
2013.10.31 07:34:38.472,0.99417,0.99437,1.88,1.50
2013.10.31 07:34:38.785,0.99418,0.99439,1.50,2.25
2013.10.31 07:34:52.052,0.9942,0.9944,1.50,1.50
2013.10.31 07:34:54.702,0.99418,0.99439,1.50,2.25
2013.10.31 07:34:54.762,0.99417,0.99438,1.50,1.50
2013.10.31 07:34:57.603,0.99418,0.99439,1.50,1.50
2013.10.31 07:34:58.166,0.99417,0.99438,1.50,1.50
2013.10.31 07:35:01.115,0.99417,0.99437,1.88,1.50
2013.10.31 07:35:02.932,0.99419,0.99438,1.13,1.50
2013.10.31 07:35:03.112,0.99419,0.9944,1.88,1.50
2013.10.31 07:35:03.882,0.9942,0.99443,1.50,1.50
2013.10.31 07:35:05.662,0.99418,0.9944,1.88,1.50
2013.10.31 07:35:05.816,0.99419,0.9944,1.50,1.50
2013.10.31 07:35:06.343,0.99421,0.99441,1.50,1.50
2013.10.31 07:35:06.482,0.99418,0.9944,1.88,1.50
2013.10.31 07:35:06.632,0.9942,0.99441,1.50,1.50
2013.10.31 07:35:07.702,0.99419,0.99439,1.50,1.50
2013.10.31 07:35:08.252,0.99419,0.9944,1.50,1.50
2013.10.31 07:35:12.226,0.99422,0.99441,1.50,1.50
2013.10.31 07:35:13.325,0.99422,0.99443,1.50,2.25
2013.10.31 07:35:13.803,0.99422,0.99443,1.88,2.25
2013.10.31 07:35:13.932,0.99424,0.99445,1.88,2.25
2013.10.31 07:35:15.652,0.99425,0.99446,1.50,1.88
2013.10.31 07:35:16.012,0.99425,0.99446,1.50,1.13
2013.10.31 07:35:16.072,0.99426,0.99446,1.50,1.13
2013.10.31 07:35:19.212,0.99426,0.99449,2.25,1.50
2013.10.31 07:35:19.474,0.99426,0.99449,2.25,1.50
2013.10.31 07:35:26.295,0.99425,0.99447,1.50,1.50
2013.10.31 07:35:26.845,0.99426,0.99448,1.50,2.25
2013.10.31 07:35:28.385,0.99425,0.99447,1.88,1.50
2013.10.31 07:35:28.842,0.99426,0.99448,1.50,2.25
2013.10.31 07:35:30.412,0.99425,0.99447,1.88,1.50
2013.10.31 07:35:43.902,0.99425,0.99447,1.50,1.50
2013.10.31 07:35:44.143,0.99426,0.99446,1.50,1.88
2013.10.31 07:35:44.262,0.99426,0.99447,1.50,3.00
2013.10.31 07:35:44.443,0.99426,0.99447,1.50,1.50
2013.10.31 07:35:44.562,0.99425,0.99444,1.13,1.50
2013.10.31 07:35:44.622,0.99422,0.99443,1.88,1.50
2013.10.31 07:35:44.862,0.99422,0.99443,1.13,1.50
2013.10.31 07:35:47.182,0.99422,0.99442,1.88,1.50
2013.10.31 07:35:59.262,0.99422,0.99442,1.88,1.50
2013.10.31 07:35:59.662,0.99423,0.99445,1.13,1.50
2013.10.31 07:36:04.203,0.99423,0.99446,1.88,1.50
2013.10.31 07:36:05.112,0.99426,0.99448,2.25,1.88
2013.10.31 07:36:07.832,0.99425,0.99447,1.50,1.50
2013.10.31 07:36:09.823,0.99426,0.99448,2.25,1.50
2013.10.31 07:36:15.082,0.99426,0.99448,2.25,1.50
2013.10.31 07:36:20.098,0.99426,0.99448,2.25,1.50
2013.10.31 07:36:20.222,0.99425,0.99447,1.50,1.50
2013.10.31 07:36:21.663,0.99425,0.99446,1.50,1.88
2013.10.31 07:36:21.782,0.99421,0.99442,1.50,1.50
2013.10.31 07:36:22.332,0.99421,0.99442,1.88,1.50
2013.10.31 07:36:22.872,0.99425,0.99444,1.13,1.50
2013.10.31 07:36:24.259,0.99425,0.99446,1.50,1.88
2013.10.31 07:36:24.359,0.99425,0.99446,2.25,1.88
2013.10.31 07:36:35.384,0.99425,0.99446,2.25,2.25
2013.10.31 07:36:56.642,0.99423,0.99445,2.63,1.50
2013.10.31 07:37:19.232,0.99424,0.99447,2.25,1.50
2013.10.31 07:37:19.433,0.99425,0.99447,1.50,1.50
2013.10.31 07:37:34.563,0.99425,0.99447,1.50,1.50
2013.10.31 07:37:49.753,0.99427,0.99447,1.50,1.50
2013.10.31 07:37:51.113,0.99427,0.99447,1.50,1.50
2013.10.31 07:38:00.843,0.99426,0.99447,2.25,1.50
2013.10.31 07:38:04.692,0.99427,0.99447,1.50,1.50
2013.10.31 07:38:09.793,0.99426,0.99447,2.25,1.50
2013.10.31 07:38:10.212,0.99424,0.99445,1.13,1.50
2013.10.31 07:38:10.793,0.99423,0.99443,1.13,1.50
2013.10.31 07:38:12.312,0.99423,0.99444,1.13,1.50
2013.10.31 07:38:27.433,0.99424,0.99446,1.50,1.88
2013.10.31 07:38:34.732,0.99426,0.99449,1.50,2.63
2013.10.31 07:38:49.783,0.99426,0.99449,2.25,1.50
2013.10.31 07:38:50.084,0.99428,0.9945,1.50,1.50
2013.10.31 07:38:50.642,0.9943,0.99452,1.50,1.50
2013.10.31 07:38:51.223,0.9943,0.99452,1.50,1.50
2013.10.31 07:38:53.782,0.99431,0.99453,1.50,2.25
2013.10.31 07:38:54.333,0.99431,0.99453,1.50,2.25
2013.10.31 07:38:54.692,0.99434,0.99455,1.50,1.50
2013.10.31 07:38:55.765,0.99436,0.99456,1.50,1.13
2013.10.31 07:39:21.662,0.99433,0.99455,1.50,2.25
2013.10.31 07:39:22.287,0.99432,0.99454,1.50,2.25
2013.10.31 07:39:31.072,0.99432,0.99454,2.25,1.50
2013.10.31 07:39:31.769,0.99434,0.99456,1.50,1.13
2013.10.31 07:39:34.293,0.99434,0.99456,1.50,1.13
2013.10.31 07:39:34.416,0.99433,0.99445,1.50,1.13
2013.10.31 07:39:34.544,0.99426,0.99445,2.63,1.88
2013.10.31 07:39:35.082,0.99424,0.99445,1.50,1.50
2013.10.31 07:39:35.387,0.99425,0.99446,1.50,1.50
2013.10.31 07:39:35.813,0.99426,0.99449,2.25,2.25
2013.10.31 07:39:36.571,0.99429,0.99452,1.50,1.50
2013.10.31 07:39:36.752,0.99426,0.9945,2.25,1.50
2013.10.31 07:39:37.863,0.99426,0.99451,2.25,2.25
2013.10.31 07:39:38.563,0.99425,0.99448,2.25,1.50
2013.10.31 07:39:38.682,0.99428,0.99451,1.50,2.25
2013.10.31 07:39:46.362,0.99428,0.99451,2.25,1.50
2013.10.31 07:39:46.663,0.9943,0.99454,1.50,1.88
2013.10.31 07:39:47.173,0.9943,0.99452,1.50,1.50
2013.10.31 07:39:48.309,0.99429,0.9945,1.50,1.50
2013.10.31 07:39:48.852,0.99427,0.99452,1.88,1.50
2013.10.31 07:39:49.083,0.99427,0.99453,1.50,1.50
2013.10.31 07:39:50.120,0.9943,0.99453,1.50,1.50
2013.10.31 07:39:55.014,0.99434,0.99455,1.50,1.13
2013.10.31 07:39:55.073,0.99433,0.99455,1.88,1.13
2013.10.31 07:39:55.132,0.99433,0.99455,1.88,1.13
2013.10.31 07:39:56.843,0.99438,0.99455,1.50,1.13
2013.10.31 07:39:56.964,0.99436,0.99455,1.50,1.13
2013.10.31 07:39:59.693,0.99436,0.99459,2.63,1.50
2013.10.31 07:40:00.143,0.99437,0.99458,1.50,1.50
2013.10.31 07:40:00.502,0.9944,0.9946,1.50,1.50
2013.10.31 07:40:00.841,0.9944,0.9946,1.50,1.50
2013.10.31 07:40:01.023,0.99437,0.99459,1.50,1.50
2013.10.31 07:40:01.143,0.99436,0.99458,2.25,1.50
2013.10.31 07:40:01.503,0.9944,0.9946,1.50,1.50
2013.10.31 07:40:02.393,0.99441,0.99461,1.50,1.50
2013.10.31 07:40:10.903,0.99441,0.99463,2.25,1.50
2013.10.31 07:40:11.443,0.99442,0.99464,2.25,1.50
2013.10.31 07:40:12.873,0.99442,0.99464,1.50,1.50
2013.10.31 07:40:13.053,0.9944,0.99464,1.50,1.50
2013.10.31 07:40:13.174,0.99438,0.99461,1.50,1.50
2013.10.31 07:40:13.713,0.99437,0.9946,1.50,1.50
2013.10.31 07:40:14.683,0.99437,0.99462,1.50,1.50
2013.10.31 07:40:14.743,0.99439,0.99463,1.50,1.50
2013.10.31 07:40:16.702,0.99436,0.99462,2.25,1.50
2013.10.31 07:40:17.003,0.9944,0.99461,1.50,2.25
2013.10.31 07:40:17.518,0.99437,0.99459,2.25,1.50
2013.10.31 07:40:20.373,0.99436,0.99458,2.25,2.25
2013.10.31 07:40:20.433,0.99436,0.99456,1.50,1.50
2013.10.31 07:40:20.853,0.99438,0.99458,1.88,1.50
2013.10.31 07:40:21.212,0.99445,0.99465,1.50,1.50
2013.10.31 07:40:24.803,0.99446,0.99465,1.13,1.50
2013.10.31 07:40:25.310,0.99445,0.99465,1.50,1.50
2013.10.31 07:40:29.734,0.99446,0.99465,1.13,1.50
2013.10.31 07:40:30.620,0.99445,0.99465,1.88,1.50
2013.10.31 07:40:33.283,0.99443,0.99463,1.13,2.25
2013.10.31 07:40:33.342,0.99442,0.99458,1.88,1.50
2013.10.31 07:40:33.403,0.9944,0.99458,1.13,1.50
2013.10.31 07:40:33.583,0.99437,0.99458,1.50,1.50
2013.10.31 07:40:33.943,0.99434,0.99454,1.50,1.13
2013.10.31 07:40:34.363,0.99431,0.9945,1.50,1.13
2013.10.31 07:40:34.621,0.99429,0.9945,1.50,1.13
2013.10.31 07:40:34.993,0.99427,0.99448,2.25,1.50
2013.10.31 07:40:38.243,0.99427,0.99447,1.88,2.25
2013.10.31 07:40:39.420,0.99426,0.99446,1.13,1.50
2013.10.31 07:40:41.564,0.99428,0.99449,1.50,1.50
2013.10.31 07:40:42.240,0.9943,0.9945,1.50,1.50
2013.10.31 07:40:44.913,0.99428,0.99449,1.50,1.50
2013.10.31 07:40:45.642,0.99429,0.99449,1.50,1.50
2013.10.31 07:40:52.090,0.99431,0.99449,1.13,1.50
2013.10.31 07:40:52.394,0.99433,0.99453,1.13,1.50
2013.10.31 07:40:52.633,0.99436,0.99458,1.50,1.50
2013.10.31 07:40:52.753,0.99439,0.99459,1.50,2.63
2013.10.31 07:41:05.595,0.99441,0.99459,1.13,2.25
2013.10.31 07:41:06.102,0.99441,0.99461,1.13,1.50
2013.10.31 07:41:06.162,0.99443,0.99461,1.13,1.50
2013.10.31 07:41:06.463,0.99443,0.99464,1.88,1.50
2013.10.31 07:41:20.483,0.99443,0.99464,1.50,1.50
2013.10.31 07:41:24.443,0.99443,0.99464,1.13,2.25
2013.10.31 07:41:24.623,0.99442,0.99462,1.13,1.50
2013.10.31 07:41:27.303,0.99443,0.99464,1.13,2.25
2013.10.31 07:41:27.370,0.99443,0.99464,1.13,2.25
2013.10.31 07:41:43.390,0.99443,0.99463,1.13,1.13
2013.10.31 07:41:50.812,0.99443,0.99463,1.88,1.13
2013.10.31 07:41:51.653,0.99443,0.99463,1.88,1.13
2013.10.31 07:41:51.773,0.99441,0.99463,2.63,1.13
2013.10.31 07:41:52.133,0.99442,0.99459,1.13,1.50
2013.10.31 07:41:56.773,0.99442,0.99463,1.50,1.88
2013.10.31 07:41:57.193,0.99443,0.99464,1.13,2.63
2013.10.31 07:41:57.373,0.99444,0.99463,1.13,1.13
2013.10.31 07:41:58.558,0.99441,0.99462,2.63,2.25
2013.10.31 07:41:58.625,0.99441,0.99462,2.25,2.25
2013.10.31 07:42:01.322,0.99441,0.99462,1.50,2.25
2013.10.31 07:42:01.443,0.99439,0.99458,1.13,2.63
2013.10.31 07:42:01.563,0.99436,0.99458,1.50,2.63
2013.10.31 07:42:05.583,0.99434,0.99453,1.50,1.73
2013.10.31 07:42:05.643,0.99431,0.99447,1.50,1.50
2013.10.31 07:42:05.703,0.99431,0.99447,1.88,1.50
2013.10.31 07:42:05.823,0.99427,0.99445,2.25,1.13
2013.10.31 07:42:06.224,0.99425,0.99443,1.50,1.13
2013.10.31 07:42:07.534,0.99425,0.99445,1.50,1.50
2013.10.31 07:42:10.778,0.99427,0.99446,1.13,1.50
2013.10.31 07:42:11.023,0.99427,0.99447,1.13,1.50
2013.10.31 07:42:11.334,0.99426,0.99447,2.63,2.25
2013.10.31 07:42:11.904,0.99426,0.99446,2.63,1.50
2013.10.31 07:42:12.939,0.99426,0.99446,2.63,1.50
2013.10.31 07:42:14.712,0.99426,0.99446,2.25,1.88
2013.10.31 07:42:16.358,0.99424,0.99444,2.25,1.13
2013.10.31 07:42:23.132,0.99424,0.99443,1.50,1.13
2013.10.31 07:42:23.313,0.99421,0.99443,2.25,2.25
2013.10.31 07:42:23.493,0.99422,0.99443,1.50,2.63
2013.10.31 07:42:23.553,0.99422,0.99443,1.50,1.50
2013.10.31 07:42:24.313,0.99421,0.99443,1.88,1.50
2013.10.31 07:42:24.870,0.99421,0.99443,1.88,1.50
2013.10.31 07:42:25.298,0.99421,0.99441,1.88,1.50
2013.10.31 07:42:25.533,0.99421,0.99441,1.50,1.50
2013.10.31 07:42:25.660,0.99421,0.99443,1.50,2.25
2013.10.31 07:42:25.843,0.99426,0.99444,1.13,2.25
2013.10.31 07:42:25.963,0.99427,0.99447,1.13,1.50
2013.10.31 07:42:26.323,0.99432,0.9945,1.13,2.25
2013.10.31 07:42:26.502,0.99432,0.9945,1.13,2.25
2013.10.31 07:42:26.622,0.99432,0.9945,1.13,1.50
2013.10.31 07:42:27.238,0.99434,0.99453,1.13,1.13
2013.10.31 07:42:27.353,0.99434,0.99454,1.13,1.50
2013.10.31 07:42:27.413,0.99434,0.99454,1.88,1.50
2013.10.31 07:42:27.833,0.99434,0.99454,1.13,2.25
2013.10.31 07:42:28.354,0.99432,0.99453,1.88,1.50
2013.10.31 07:42:29.113,0.99431,0.9945,1.13,1.50
2013.10.31 07:42:29.473,0.99427,0.99448,1.88,2.25
2013.10.31 07:42:29.683,0.99427,0.99448,1.88,2.25
2013.10.31 07:42:29.862,0.99427,0.99448,1.13,1.50
2013.10.31 07:42:31.412,0.99427,0.99448,1.88,1.88
2013.10.31 07:42:31.793,0.99428,0.99449,1.50,1.88
2013.10.31 07:42:31.852,0.99425,0.99447,2.63,1.50
2013.10.31 07:42:32.032,0.99425,0.99447,2.25,1.88
2013.10.31 07:42:32.393,0.99422,0.99444,2.85,2.25
2013.10.31 07:42:32.453,0.99431,0.99444,1.88,1.50
2013.10.31 07:42:32.873,0.99431,0.99451,2.63,1.50
2013.10.31 07:42:35.136,0.99432,0.99453,2.25,1.50
2013.10.31 07:42:38.533,0.99434,0.99455,1.50,1.88
2013.10.31 07:42:38.833,0.99437,0.99455,1.13,1.13
2013.10.31 07:42:47.885,0.99437,0.99459,2.63,2.63
2013.10.31 07:42:49.633,0.99437,0.99459,2.25,2.63
2013.10.31 07:42:49.813,0.99437,0.99458,1.50,1.50
2013.10.31 07:42:50.363,0.99437,0.99458,2.25,2.25
2013.10.31 07:42:50.874,0.99438,0.99458,1.50,1.50
2013.10.31 07:42:57.124,0.99448,0.99458,1.13,1.50
2013.10.31 07:42:57.183,0.99447,0.99459,1.50,1.13
2013.10.31 07:42:57.675,0.99452,0.99469,1.50,1.13
2013.10.31 07:42:57.733,0.99452,0.99472,1.88,2.25
2013.10.31 07:42:57.853,0.99453,0.99472,1.50,1.50
2013.10.31 07:42:58.214,0.99452,0.99472,1.88,1.50
2013.10.31 07:43:00.089,0.99452,0.9947,1.13,1.50
2013.10.31 07:43:00.753,0.99448,0.99468,1.50,1.50
2013.10.31 07:43:01.473,0.99445,0.99466,1.50,1.50
2013.10.31 07:43:04.063,0.99446,0.99466,1.13,1.50
2013.10.31 07:43:04.303,0.9945,0.99469,1.50,2.25
2013.10.31 07:43:05.563,0.99449,0.99469,1.50,1.88
2013.10.31 07:43:05.625,0.99448,0.99468,1.50,1.13
2013.10.31 07:43:05.983,0.99444,0.99463,1.50,1.50
2013.10.31 07:43:06.590,0.99445,0.99467,1.88,1.88
2013.10.31 07:43:06.715,0.99445,0.99464,1.13,1.50
2013.10.31 07:43:07.263,0.99445,0.99466,1.13,1.50
2013.10.31 07:43:07.563,0.99445,0.99466,1.13,1.50
2013.10.31 07:43:07.623,0.99444,0.99464,1.13,1.50
2013.10.31 07:43:08.439,0.99442,0.99463,2.25,2.25
2013.10.31 07:43:09.364,0.99445,0.99467,1.50,2.25
2013.10.31 07:43:09.423,0.99445,0.99467,1.50,2.63
2013.10.31 07:43:09.544,0.99442,0.99465,1.88,1.50
2013.10.31 07:43:09.793,0.99442,0.99463,1.13,2.25
2013.10.31 07:43:10.715,0.99441,0.99461,1.13,1.50
2013.10.31 07:43:11.235,0.9944,0.99461,1.13,1.50
2013.10.31 07:43:12.088,0.9944,0.99461,1.13,1.88
2013.10.31 07:43:12.533,0.99441,0.99461,1.50,1.88
2013.10.31 07:43:12.858,0.99441,0.99462,1.50,1.13
2013.10.31 07:43:13.156,0.99439,0.99461,1.50,1.50
2013.10.31 07:43:13.819,0.99441,0.99461,1.13,1.50
2013.10.31 07:43:14.063,0.99445,0.99464,1.50,2.25
2013.10.31 07:43:14.303,0.99443,0.99463,1.13,1.88
2013.10.31 07:43:14.423,0.99442,0.99462,1.13,1.13
2013.10.31 07:43:14.663,0.99439,0.99459,1.50,2.25
2013.10.31 07:43:14.843,0.99438,0.99459,1.50,2.25
2013.10.31 07:43:15.163,0.99436,0.99459,2.63,1.50
2013.10.31 07:43:16.293,0.99438,0.99459,1.13,1.50
2013.10.31 07:43:16.633,0.99438,0.99458,1.13,1.50
2013.10.31 07:43:17.055,0.99438,0.99459,1.88,1.50
2013.10.31 07:43:17.413,0.99439,0.99459,1.50,1.50
2013.10.31 07:43:17.973,0.99436,0.99459,1.88,2.25
2013.10.31 07:43:18.033,0.99436,0.99458,1.88,1.50
2013.10.31 07:43:19.213,0.99436,0.99454,1.13,2.25
2013.10.31 07:43:19.405,0.99433,0.99453,1.50,1.50
2013.10.31 07:43:19.463,0.99433,0.99453,1.13,1.50
2013.10.31 07:43:24.099,0.99432,0.99453,1.50,1.50
2013.10.31 07:43:25.233,0.99432,0.99453,1.50,1.50
2013.10.31 07:43:26.763,0.99431,0.99453,2.63,1.50
2013.10.31 07:43:29.793,0.99432,0.99453,2.25,1.50
2013.10.31 07:43:37.624,0.99431,0.99453,2.25,1.50
2013.10.31 07:43:45.863,0.99428,0.99451,1.50,1.50
2013.10.31 07:43:45.983,0.99431,0.99453,1.50,1.50
2013.10.31 07:43:47.324,0.99431,0.99453,1.50,1.50
2013.10.31 07:43:47.873,0.99433,0.99454,1.50,1.50
2013.10.31 07:43:48.055,0.99437,0.99458,1.50,2.63
2013.10.31 07:43:48.174,0.99438,0.99458,1.50,1.88
2013.10.31 07:43:57.133,0.99437,0.99459,2.25,1.50
2013.10.31 07:43:57.312,0.99437,0.99459,2.25,1.50
2013.10.31 07:43:57.493,0.99443,0.99464,1.88,1.13
2013.10.31 07:43:57.613,0.99442,0.99463,2.25,1.50
2013.10.31 07:43:57.673,0.99442,0.99459,2.25,1.13
2013.10.31 07:43:58.153,0.99435,0.99456,2.25,1.50
2013.10.31 07:44:00.513,0.99435,0.99456,1.50,1.50
2013.10.31 07:44:00.873,0.99436,0.99457,1.50,1.50
2013.10.31 07:44:02.134,0.99434,0.99455,1.88,1.50
2013.10.31 07:44:04.693,0.99433,0.99453,1.50,1.50
2013.10.31 07:44:04.813,0.99431,0.99453,2.25,2.25
2013.10.31 07:44:31.805,0.99432,0.99453,1.50,2.25
2013.10.31 07:44:36.193,0.99429,0.99451,1.88,1.50
2013.10.31 07:44:38.425,0.99429,0.99447,1.13,1.50
2013.10.31 07:44:38.665,0.99427,0.99447,1.50,1.50
2013.10.31 07:44:38.964,0.99424,0.99445,1.13,1.50
2013.10.31 07:44:39.024,0.99423,0.99444,1.13,1.50
2013.10.31 07:44:39.084,0.99421,0.99444,1.50,2.25
2013.10.31 07:44:39.323,0.99422,0.99444,1.50,2.25
2013.10.31 07:44:40.093,0.99423,0.99445,1.50,1.50
2013.10.31 07:44:44.814,0.99423,0.99445,1.50,1.50
2013.10.31 07:44:44.874,0.99422,0.99444,1.50,1.50
2013.10.31 07:44:45.760,0.99422,0.99444,1.50,2.25
2013.10.31 07:44:46.346,0.99422,0.99444,1.50,2.25
2013.10.31 07:44:49.866,0.99422,0.99444,1.50,2.25
2013.10.31 07:44:54.376,0.99422,0.99444,1.50,2.25
2013.10.31 07:44:58.133,0.99422,0.99444,1.50,2.25
2013.10.31 07:44:58.313,0.99417,0.99438,1.88,1.50
2013.10.31 07:44:58.433,0.9942,0.99438,1.13,1.50
2013.10.31 07:44:58.613,0.99418,0.9944,1.50,1.50
2013.10.31 07:44:58.677,0.99417,0.99439,1.50,1.50
2013.10.31 07:44:59.546,0.99417,0.99437,1.50,1.50
2013.10.31 07:45:04.283,0.99415,0.99437,1.50,2.25
2013.10.31 07:45:05.440,0.99416,0.99438,1.50,1.50
2013.10.31 07:45:09.603,0.99415,0.99438,1.50,1.50
2013.10.31 07:45:09.723,0.99412,0.99434,1.50,1.50
2013.10.31 07:45:09.845,0.99412,0.99434,1.50,1.50
2013.10.31 07:45:10.203,0.99409,0.99427,1.50,1.50
2013.10.31 07:45:10.263,0.99407,0.99428,1.50,1.50
2013.10.31 07:45:10.383,0.99409,0.99428,1.50,1.50
2013.10.31 07:45:10.923,0.99407,0.99428,1.13,2.25
2013.10.31 07:45:11.383,0.99407,0.99428,1.13,2.25
2013.10.31 07:45:11.843,0.99407,0.99428,1.88,2.25
2013.10.31 07:45:12.325,0.99408,0.99431,1.50,1.50
2013.10.31 07:45:12.385,0.99414,0.99434,1.50,2.63
2013.10.31 07:45:12.923,0.99416,0.99437,2.63,2.25
2013.10.31 07:45:13.323,0.99418,0.99437,1.13,1.50
2013.10.31 07:45:13.564,0.99418,0.99439,1.13,1.50
2013.10.31 07:45:13.683,0.9942,0.99443,1.50,1.88
2013.10.31 07:45:14.823,0.99418,0.9944,2.63,1.50
2013.10.31 07:45:14.883,0.99418,0.99439,1.88,1.50
2013.10.31 07:45:14.943,0.99418,0.99439,1.13,2.25
2013.10.31 07:45:15.263,0.99418,0.99437,1.13,1.50
2013.10.31 07:45:23.823,0.9942,0.9944,1.50,1.50
2013.10.31 07:45:23.883,0.99422,0.99444,1.50,1.50
2013.10.31 07:45:23.946,0.99423,0.99445,1.50,1.88
2013.10.31 07:45:24.183,0.99427,0.99448,1.88,1.50
2013.10.31 07:45:24.903,0.99427,0.99448,2.25,1.50
2013.10.31 07:45:33.653,0.99427,0.99448,1.88,1.50
2013.10.31 07:45:33.833,0.99427,0.99447,1.13,2.25
2013.10.31 07:45:34.386,0.99424,0.99446,1.88,2.25
2013.10.31 07:45:37.724,0.99424,0.99446,1.88,2.25
2013.10.31 07:45:39.743,0.99424,0.99446,1.88,2.25
2013.10.31 07:45:40.244,0.99425,0.99446,1.13,2.25
2013.10.31 07:45:43.645,0.99427,0.99446,1.13,2.25
2013.10.31 07:45:45.433,0.99427,0.99446,1.50,2.25
2013.10.31 07:45:45.613,0.99433,0.99453,1.50,1.50
2013.10.31 07:45:45.853,0.99434,0.99454,1.13,1.50
2013.10.31 07:45:46.153,0.99431,0.99452,1.13,1.50
2013.10.31 07:45:47.903,0.99431,0.99453,2.63,1.50
2013.10.31 07:46:00.918,0.99431,0.99453,2.25,1.50
2013.10.31 07:46:14.301,0.99431,0.99453,2.63,1.50
2013.10.31 07:46:15.084,0.99433,0.99455,1.50,1.50
2013.10.31 07:46:15.203,0.99435,0.99457,1.50,1.50
2013.10.31 07:46:15.583,0.99434,0.99457,2.25,1.50
2013.10.31 07:46:15.893,0.99435,0.99457,1.50,1.50
2013.10.31 07:46:16.693,0.99435,0.99458,1.50,2.63
2013.10.31 07:46:31.804,0.99435,0.99457,1.50,1.13
2013.10.31 07:46:32.443,0.99437,0.99458,2.25,1.13
2013.10.31 07:46:34.869,0.99437,0.99458,2.25,1.13
2013.10.31 07:46:53.491,0.99437,0.99458,2.25,1.13
2013.10.31 07:46:57.753,0.99437,0.99459,2.25,1.88
2013.10.31 07:46:59.594,0.99437,0.99459,1.50,1.88
2013.10.31 07:46:59.953,0.99432,0.99451,2.25,2.63
2013.10.31 07:47:00.013,0.9943,0.99451,1.50,2.63
2013.10.31 07:47:00.134,0.9943,0.99451,1.88,2.25
2013.10.31 07:47:00.374,0.9943,0.99451,3.00,1.50
2013.10.31 07:47:00.783,0.99428,0.99449,1.50,1.50
2013.10.31 07:47:05.373,0.99427,0.99448,1.13,2.25
2013.10.31 07:47:09.504,0.99429,0.99449,1.13,1.50
2013.10.31 07:47:15.014,0.99428,0.99449,1.50,1.50
2013.10.31 07:47:15.452,0.99429,0.99448,1.50,1.50
2013.10.31 07:47:15.521,0.99436,0.99455,1.88,1.50
2013.10.31 07:47:15.586,0.99437,0.99456,2.25,1.50
2013.10.31 07:47:15.884,0.9944,0.99458,1.50,1.13
2013.10.31 07:47:16.484,0.9944,0.99458,1.50,1.13
2013.10.31 07:47:17.006,0.9944,0.99458,1.50,1.13
2013.10.31 07:47:17.445,0.99441,0.99458,2.25,1.13
2013.10.31 07:47:18.304,0.99441,0.99463,2.25,2.63
2013.10.31 07:47:18.416,0.99441,0.99463,2.25,2.63
2013.10.31 07:47:25.207,0.99441,0.99463,2.25,3.00
2013.10.31 07:47:28.016,0.99441,0.99463,2.25,3.00
2013.10.31 07:47:28.275,0.99441,0.99463,2.25,3.00
2013.10.31 07:47:28.374,0.99441,0.99459,2.25,1.13
2013.10.31 07:47:28.934,0.99439,0.99458,2.25,1.13
2013.10.31 07:47:30.417,0.99439,0.9946,2.25,2.25
2013.10.31 07:47:32.093,0.99439,0.9946,3.00,1.50
2013.10.31 07:47:32.153,0.99444,0.99463,1.50,1.13
2013.10.31 07:47:32.393,0.99443,0.99464,1.13,2.63
2013.10.31 07:47:32.453,0.99442,0.99463,2.25,1.13
2013.10.31 07:47:36.784,0.99441,0.99461,1.50,1.13
2013.10.31 07:47:37.360,0.99442,0.99464,2.25,2.63
2013.10.31 07:47:37.996,0.99442,0.99464,2.25,2.63
2013.10.31 07:47:38.364,0.99442,0.99464,2.25,2.63
2013.10.31 07:47:39.313,0.99442,0.99461,1.50,1.13
2013.10.31 07:47:39.583,0.99441,0.9946,1.50,1.88
2013.10.31 07:47:42.577,0.99438,0.9946,1.50,1.88
2013.10.31 07:47:42.645,0.99438,0.9946,1.50,2.63
2013.10.31 07:47:43.103,0.99438,0.9946,2.25,2.63
2013.10.31 07:47:43.583,0.99438,0.9946,1.50,2.63
2013.10.31 07:47:48.175,0.99438,0.99459,1.50,1.13
2013.10.31 07:47:52.625,0.99438,0.99459,1.50,1.13
2013.10.31 07:47:58.216,0.99436,0.99459,1.50,3.00
2013.10.31 07:47:58.273,0.99434,0.99456,1.88,1.50
2013.10.31 07:48:04.104,0.9943,0.99452,3.00,1.50
2013.10.31 07:48:04.285,0.99427,0.9945,1.88,1.88
2013.10.31 07:48:04.835,0.99427,0.9945,2.63,1.88
2013.10.31 07:48:05.363,0.99427,0.99446,1.50,2.25
2013.10.31 07:48:05.605,0.99426,0.99446,2.25,1.50
2013.10.31 07:48:08.953,0.99426,0.99446,1.50,1.50
2013.10.31 07:48:09.133,0.99424,0.99445,1.50,2.25
2013.10.31 07:48:09.704,0.99422,0.99444,1.50,2.25
2013.10.31 07:48:13.827,0.99421,0.99443,1.50,1.50
2013.10.31 07:48:13.886,0.9942,0.9944,1.50,1.50
2013.10.31 07:48:14.064,0.99417,0.99438,1.88,1.88
2013.10.31 07:48:14.814,0.99417,0.99436,1.13,1.50
2013.10.31 07:48:15.883,0.99417,0.99437,1.13,1.50
2013.10.31 07:48:19.894,0.9942,0.99441,1.50,1.88
2013.10.31 07:48:20.804,0.99421,0.99441,1.50,1.50
2013.10.31 07:48:21.363,0.99421,0.99442,1.50,1.50
2013.10.31 07:48:21.543,0.99424,0.99444,1.13,2.25
2013.10.31 07:48:32.004,0.99423,0.99444,1.50,2.25
2013.10.31 07:48:38.403,0.99423,0.99445,1.50,1.50
2013.10.31 07:48:39.024,0.99426,0.99446,1.50,2.25
2013.10.31 07:48:41.403,0.99427,0.99446,1.50,2.25
2013.10.31 07:48:41.463,0.99428,0.99446,1.88,1.50
2013.10.31 07:48:41.823,0.99429,0.99446,1.50,1.50
2013.10.31 07:48:41.883,0.99429,0.99446,1.50,1.50
2013.10.31 07:48:42.063,0.99431,0.99452,1.50,2.25
2013.10.31 07:48:42.124,0.99431,0.99452,1.50,2.25
2013.10.31 07:49:01.643,0.99431,0.99452,1.50,1.50
2013.10.31 07:49:06.153,0.99432,0.99449,1.50,1.13
2013.10.31 07:49:06.274,0.99427,0.99447,1.13,1.50
2013.10.31 07:49:06.454,0.99428,0.99447,1.13,1.50
2013.10.31 07:49:06.633,0.99428,0.9945,2.63,2.25
2013.10.31 07:49:06.826,0.99432,0.99452,1.50,1.50
2013.10.31 07:49:07.462,0.99432,0.99451,1.50,1.13
2013.10.31 07:49:08.003,0.99432,0.99452,1.50,1.88
2013.10.31 07:49:08.124,0.99429,0.99449,1.50,1.50
2013.10.31 07:49:08.185,0.99428,0.99449,1.50,1.50
2013.10.31 07:49:09.343,0.99429,0.9945,1.50,1.50
2013.10.31 07:49:09.713,0.99428,0.99449,1.50,1.50
2013.10.31 07:49:10.144,0.99426,0.99449,2.25,1.50
2013.10.31 07:49:10.203,0.99426,0.99447,2.25,1.50
2013.10.31 07:49:16.383,0.99429,0.9945,1.50,2.25
2013.10.31 07:49:16.687,0.99429,0.9945,2.25,1.50
2013.10.31 07:49:17.913,0.99431,0.99452,1.50,1.50
2013.10.31 07:49:20.353,0.99434,0.99452,1.50,1.50
2013.10.31 07:49:20.473,0.99441,0.99459,1.50,1.50
2013.10.31 07:49:20.714,0.9944,0.99459,1.50,1.13
2013.10.31 07:49:20.773,0.99436,0.99455,1.50,1.50
2013.10.31 07:49:21.843,0.99432,0.99453,3.00,1.50
2013.10.31 07:49:22.084,0.99432,0.99453,1.13,1.50
2013.10.31 07:49:22.143,0.99432,0.99453,1.13,2.25
2013.10.31 07:49:22.875,0.99432,0.9945,1.13,1.50
2013.10.31 07:49:24.154,0.99429,0.99449,1.13,1.50
2013.10.31 07:49:24.333,0.99428,0.99449,1.50,1.50
2013.10.31 07:49:24.528,0.99426,0.99447,1.50,1.50
2013.10.31 07:49:24.588,0.99424,0.99447,1.50,1.50
2013.10.31 07:49:24.644,0.99423,0.99446,1.13,1.50
2013.10.31 07:49:25.394,0.99425,0.99446,1.13,1.50
2013.10.31 07:49:25.574,0.99426,0.99448,1.50,1.50
2013.10.31 07:49:25.633,0.99426,0.99448,2.25,1.50
2013.10.31 07:49:38.063,0.99426,0.99448,2.25,2.25
2013.10.31 07:49:46.093,0.99428,0.99448,1.50,1.13
2013.10.31 07:49:46.153,0.99428,0.99448,2.25,1.13
2013.10.31 07:49:53.779,0.99432,0.9945,1.50,1.88
2013.10.31 07:49:53.846,0.99433,0.99453,1.50,1.88
2013.10.31 07:49:53.964,0.99432,0.99453,1.50,1.13
2013.10.31 07:49:54.085,0.99432,0.99452,1.50,1.13
2013.10.31 07:49:54.207,0.99431,0.99451,1.50,1.50
2013.10.31 07:49:55.572,0.99431,0.99453,1.50,1.88
2013.10.31 07:49:58.737,0.99431,0.99452,1.50,1.13
2013.10.31 07:49:59.245,0.99427,0.99448,2.63,1.50
2013.10.31 07:50:21.102,0.99429,0.99448,1.50,1.50
2013.10.31 07:50:23.867,0.99429,0.99449,1.50,1.50
2013.10.31 07:50:24.104,0.9943,0.99452,1.88,1.50
2013.10.31 07:50:25.753,0.9943,0.99452,4.50,1.50
2013.10.31 07:50:31.112,0.99433,0.99452,1.13,1.50
2013.10.31 07:50:44.413,0.99433,0.99451,1.13,1.50
2013.10.31 07:50:47.744,0.99431,0.9945,1.13,1.50
2013.10.31 07:50:48.285,0.9943,0.9945,1.50,1.50
2013.10.31 07:50:48.344,0.99429,0.99449,1.50,1.50
2013.10.31 07:50:58.543,0.99428,0.99449,1.13,2.25
2013.10.31 07:50:58.894,0.99426,0.99446,1.50,1.13
2013.10.31 07:50:59.073,0.99423,0.99446,1.13,3.38
2013.10.31 07:51:00.036,0.99427,0.99447,1.13,1.50
2013.10.31 07:51:00.095,0.99427,0.99447,1.13,1.50
2013.10.31 07:51:01.515,0.99425,0.99447,2.25,1.50
2013.10.31 07:51:09.963,0.99427,0.99448,2.25,2.25
2013.10.31 07:51:11.114,0.99428,0.99448,1.50,1.50
2013.10.31 07:51:11.414,0.99427,0.99449,1.50,1.50
2013.10.31 07:51:11.474,0.99427,0.99449,1.50,1.50
2013.10.31 07:51:15.374,0.99426,0.99449,2.63,2.25
2013.10.31 07:51:15.905,0.9943,0.99449,1.50,1.50
2013.10.31 07:51:16.324,0.99431,0.99453,1.50,1.88
2013.10.31 07:51:21.215,0.99431,0.99453,2.25,1.88
2013.10.31 07:51:21.463,0.99431,0.99453,1.88,1.88
2013.10.31 07:51:24.414,0.99431,0.99453,1.88,1.88
2013.10.31 07:51:25.211,0.9943,0.99451,1.88,1.88
2013.10.31 07:51:27.390,0.99431,0.99451,1.13,1.50
2013.10.31 07:51:27.594,0.99435,0.99455,1.50,1.50
2013.10.31 07:51:27.774,0.99435,0.99455,1.50,1.35
2013.10.31 07:51:28.458,0.99435,0.99455,2.25,1.13
2013.10.31 07:51:29.541,0.99435,0.99455,2.25,1.13
2013.10.31 07:51:35.811,0.99436,0.99455,1.13,1.88
2013.10.31 07:51:36.175,0.99439,0.99461,1.50,1.13
2013.10.31 07:51:36.235,0.99442,0.99463,1.13,3.00
2013.10.31 07:51:36.294,0.99442,0.99459,1.13,1.50
2013.10.31 07:51:36.414,0.99442,0.99464,2.63,2.63
2013.10.31 07:51:36.534,0.99444,0.99465,1.50,1.50
2013.10.31 07:51:36.954,0.99447,0.99467,1.50,1.13
2013.10.31 07:51:37.564,0.99447,0.99467,1.50,1.50
2013.10.31 07:51:37.624,0.99447,0.99468,1.50,2.25
2013.10.31 07:51:37.774,0.99447,0.99468,1.88,2.25
2013.10.31 07:51:38.133,0.99447,0.99466,1.50,1.50
2013.10.31 07:51:38.693,0.99447,0.99466,1.13,1.50
2013.10.31 07:51:39.905,0.99447,0.99466,1.13,1.50
2013.10.31 07:51:40.264,0.99445,0.99462,1.13,1.50
2013.10.31 07:51:50.144,0.99441,0.99461,1.13,1.50
2013.10.31 07:51:50.444,0.99437,0.99458,3.00,1.50
2013.10.31 07:51:51.544,0.99437,0.99458,2.25,1.50
2013.10.31 07:51:51.905,0.99437,0.99458,3.00,1.50
2013.10.31 07:51:51.968,0.99437,0.99458,2.25,1.50
2013.10.31 07:51:52.504,0.99437,0.99458,1.88,2.25
2013.10.31 07:51:52.564,0.99437,0.99458,2.63,2.25
2013.10.31 07:51:54.004,0.99439,0.9946,1.13,1.88
2013.10.31 07:51:58.971,0.9944,0.99461,2.63,1.88
2013.10.31 07:52:00.139,0.9944,0.99461,2.63,1.50
2013.10.31 07:52:02.754,0.99441,0.99462,2.25,1.50
2013.10.31 07:52:03.334,0.99438,0.99461,1.50,1.50
2013.10.31 07:52:07.664,0.99438,0.9946,1.50,1.50
2013.10.31 07:52:09.058,0.99438,0.99458,1.50,1.50
2013.10.31 07:52:11.284,0.99435,0.99456,1.88,1.13
2013.10.31 07:52:21.284,0.99437,0.99457,1.50,1.88
2013.10.31 07:52:23.844,0.99437,0.99457,1.50,1.13
2013.10.31 07:52:26.580,0.99435,0.99456,1.88,1.13
2013.10.31 07:52:28.265,0.99436,0.99458,1.50,1.13
2013.10.31 07:52:33.594,0.99438,0.99461,1.13,2.25
2013.10.31 07:52:33.657,0.99438,0.99461,1.88,2.25
2013.10.31 07:52:33.715,0.99438,0.99461,2.63,1.88
2013.10.31 07:52:33.896,0.99446,0.99463,1.13,1.50
2013.10.31 07:52:33.954,0.99446,0.99465,1.13,1.50
2013.10.31 07:52:34.074,0.99446,0.99466,1.88,1.13
2013.10.31 07:52:34.134,0.99446,0.99468,3.38,1.88
2013.10.31 07:52:34.314,0.99446,0.99468,2.25,1.88
2013.10.31 07:52:34.494,0.99446,0.99467,1.50,1.13
2013.10.31 07:52:35.184,0.99445,0.99466,1.50,1.13
2013.10.31 07:52:36.785,0.99445,0.99466,1.50,1.13
2013.10.31 07:52:37.274,0.99444,0.99466,2.25,1.88
2013.10.31 07:52:37.336,0.99444,0.99466,2.63,1.88
2013.10.31 07:52:39.430,0.99448,0.99467,1.50,1.13
2013.10.31 07:52:39.934,0.99448,0.99467,1.50,1.13
2013.10.31 07:52:53.344,0.99448,0.99467,1.50,1.13
2013.10.31 07:52:57.955,0.99448,0.99467,1.50,1.13
2013.10.31 07:53:00.124,0.99449,0.99471,2.25,1.88
2013.10.31 07:53:01.138,0.99449,0.99471,3.00,1.88
2013.10.31 07:53:01.684,0.99449,0.99471,3.00,1.88
2013.10.31 07:53:02.344,0.99449,0.9947,2.63,1.88
2013.10.31 07:53:02.744,0.99453,0.99472,1.13,1.50
2013.10.31 07:53:02.864,0.99453,0.99474,2.63,1.13
2013.10.31 07:53:05.304,0.99452,0.99472,1.50,1.13
2013.10.31 07:53:05.664,0.9945,0.9947,1.50,1.13
2013.10.31 07:53:06.216,0.9945,0.99471,1.50,1.88
2013.10.31 07:53:07.466,0.9945,0.9947,1.50,1.13
2013.10.31 07:53:07.893,0.9945,0.99471,1.88,1.50
2013.10.31 07:53:08.076,0.9945,0.99469,1.88,1.50
2013.10.31 07:53:08.866,0.99449,0.99469,1.13,2.25
2013.10.31 07:53:13.914,0.99448,0.99468,1.50,1.13
2013.10.31 07:53:14.095,0.99446,0.99467,1.50,1.88
2013.10.31 07:53:18.329,0.99447,0.99465,1.13,1.50
2013.10.31 07:53:18.624,0.99442,0.99463,1.88,2.25
2013.10.31 07:53:19.924,0.9944,0.99461,1.13,1.50
2013.10.31 07:53:20.104,0.99442,0.99461,1.50,1.50
2013.10.31 07:53:20.864,0.99442,0.99461,1.50,1.50
2013.10.31 07:53:23.845,0.9944,0.99461,1.50,1.13
2013.10.31 07:53:25.359,0.9944,0.9946,1.50,1.50
2013.10.31 07:53:27.354,0.9944,0.99461,1.50,1.13
2013.10.31 07:53:30.594,0.99442,0.99463,1.88,1.50
2013.10.31 07:53:31.814,0.99444,0.99466,1.50,1.50
2013.10.31 07:53:31.874,0.99444,0.99466,1.50,1.50
2013.10.31 07:53:32.174,0.99444,0.99466,1.88,1.50
2013.10.31 07:53:36.034,0.99442,0.99464,1.88,1.50
2013.10.31 07:53:36.154,0.99442,0.99462,1.13,1.50
2013.10.31 07:53:36.398,0.99442,0.99462,1.13,1.50
2013.10.31 07:53:45.484,0.99442,0.99462,1.13,1.50
2013.10.31 07:53:48.135,0.99439,0.99452,1.50,1.50
2013.10.31 07:53:48.194,0.99437,0.99452,1.13,1.50
2013.10.31 07:53:48.374,0.99434,0.99453,1.13,2.25
2013.10.31 07:53:48.675,0.99436,0.99453,1.13,2.25
2013.10.31 07:53:48.855,0.99442,0.99457,1.13,1.88
2013.10.31 07:53:48.916,0.99438,0.99457,1.50,1.13
2013.10.31 07:53:49.629,0.9944,0.99458,1.13,1.50
2013.10.31 07:53:50.164,0.99442,0.99458,1.13,1.50
2013.10.31 07:53:50.684,0.99441,0.99461,1.50,1.50
2013.10.31 07:53:52.595,0.99442,0.99461,1.13,1.50
2013.10.31 07:53:52.825,0.99441,0.99461,1.50,1.50
2013.10.31 07:53:53.697,0.9944,0.99458,1.13,2.25
2013.10.31 07:53:54.099,0.99438,0.99457,1.13,1.50
2013.10.31 07:53:54.274,0.99437,0.99457,1.13,1.50
2013.10.31 07:53:54.346,0.99437,0.99457,1.13,1.50
2013.10.31 07:53:58.464,0.99437,0.99457,1.13,1.50
2013.10.31 07:53:58.955,0.99434,0.99452,1.50,1.88
2013.10.31 07:54:00.874,0.99432,0.99452,1.13,1.50
2013.10.31 07:54:03.544,0.99432,0.99452,1.13,1.50
2013.10.31 07:54:04.415,0.99432,0.99451,1.13,1.50
2013.10.31 07:54:04.538,0.99432,0.99451,1.13,1.50
2013.10.31 07:54:05.335,0.99426,0.99447,1.13,1.50
2013.10.31 07:54:05.396,0.99426,0.99446,1.13,1.50
2013.10.31 07:54:05.636,0.99423,0.99444,1.13,1.50
2013.10.31 07:54:06.194,0.99422,0.99443,1.13,1.50
2013.10.31 07:54:06.436,0.99423,0.99444,1.13,1.50
2013.10.31 07:54:09.884,0.99423,0.99444,1.13,1.50
2013.10.31 07:54:13.214,0.99423,0.99452,1.50,2.25
2013.10.31 07:54:13.457,0.99426,0.99452,1.50,1.13
2013.10.31 07:54:13.634,0.99427,0.99453,1.50,1.13
2013.10.31 07:54:13.754,0.99426,0.99453,1.50,2.63
2013.10.31 07:54:14.104,0.99426,0.9945,1.50,1.50
2013.10.31 07:54:15.404,0.99425,0.99452,2.25,1.50
2013.10.31 07:54:15.584,0.99425,0.99453,1.50,2.63
2013.10.31 07:54:15.704,0.99425,0.99452,1.50,1.50
2013.10.31 07:54:16.633,0.99427,0.99452,1.50,1.50
2013.10.31 07:54:18.584,0.99428,0.99451,1.50,1.50
2013.10.31 07:54:21.874,0.99428,0.99451,1.50,1.50
2013.10.31 07:54:22.054,0.99432,0.99454,1.50,1.50
2013.10.31 07:54:22.174,0.99434,0.99456,2.25,1.88
2013.10.31 07:54:23.054,0.99434,0.99456,1.50,3.00
2013.10.31 07:54:23.354,0.99431,0.99453,2.25,2.25
2013.10.31 07:54:23.809,0.99431,0.99453,2.25,2.25
2013.10.31 07:54:27.154,0.99433,0.99454,1.50,1.50
2013.10.31 07:54:27.274,0.99432,0.99454,1.50,1.50
2013.10.31 07:54:27.814,0.99431,0.99453,1.88,1.50
2013.10.31 07:54:30.536,0.9943,0.99452,1.50,1.50
2013.10.31 07:54:30.849,0.9943,0.9945,1.50,1.50
2013.10.31 07:54:31.509,0.99432,0.99453,2.25,1.50
2013.10.31 07:54:34.585,0.99433,0.99455,2.25,2.25
2013.10.31 07:54:34.644,0.99433,0.99455,1.50,2.25
2013.10.31 07:54:34.884,0.99431,0.99452,1.50,1.50
2013.10.31 07:54:35.406,0.9943,0.99451,1.88,1.13
2013.10.31 07:54:35.527,0.9943,0.99451,1.13,1.50
2013.10.31 07:54:35.998,0.9943,0.99451,1.13,1.50
2013.10.31 07:54:38.414,0.99431,0.99453,1.13,1.88
2013.10.31 07:54:38.995,0.99431,0.99453,1.13,1.88
2013.10.31 07:54:39.404,0.99432,0.99453,1.13,1.13
2013.10.31 07:54:49.545,0.99431,0.99453,1.50,2.25
2013.10.31 07:54:52.297,0.99431,0.99453,2.25,2.25
2013.10.31 07:54:55.704,0.99431,0.99453,2.25,3.00
2013.10.31 07:54:56.207,0.99431,0.99453,2.25,3.00
2013.10.31 07:54:56.264,0.9943,0.99451,1.13,1.50
2013.10.31 07:54:56.766,0.99431,0.99453,2.25,2.25
2013.10.31 07:54:59.557,0.99431,0.99453,1.50,2.63
2013.10.31 07:55:00.075,0.99428,0.9945,1.50,1.88
2013.10.31 07:55:00.504,0.99428,0.9945,1.50,1.13
2013.10.31 07:55:01.904,0.99432,0.99451,1.88,1.13
2013.10.31 07:55:02.084,0.99432,0.99454,1.88,1.50
2013.10.31 07:55:02.144,0.99432,0.99454,1.88,1.50
2013.10.31 07:55:02.204,0.99432,0.99454,2.63,1.50
2013.10.31 07:55:02.385,0.99432,0.99454,2.63,2.25
2013.10.31 07:55:02.874,0.99432,0.99452,1.88,1.13
2013.10.31 07:55:07.294,0.99428,0.99451,1.88,1.50
2013.10.31 07:55:14.085,0.99428,0.99448,1.50,1.50
2013.10.31 07:55:21.654,0.99427,0.99446,1.50,1.50
2013.10.31 07:55:26.461,0.99424,0.99446,2.25,1.50
2013.10.31 07:55:26.805,0.99424,0.99446,2.25,2.25
2013.10.31 07:55:28.664,0.99423,0.99443,1.88,2.25
2013.10.31 07:55:28.847,0.99423,0.99441,1.13,1.50
2013.10.31 07:55:28.906,0.99421,0.99441,1.50,1.50
2013.10.31 07:55:29.204,0.99421,0.99442,2.63,1.50
2013.10.31 07:55:30.934,0.99421,0.99442,1.88,1.50
2013.10.31 07:55:35.036,0.99421,0.99442,1.88,1.50
2013.10.31 07:55:35.786,0.99421,0.99443,1.88,1.50
2013.10.31 07:55:41.406,0.99421,0.99443,1.88,1.50
2013.10.31 07:55:46.286,0.99421,0.99443,1.88,1.50
2013.10.31 07:55:46.644,0.99422,0.99444,1.50,1.50
2013.10.31 07:55:47.195,0.99422,0.99444,1.88,1.50
2013.10.31 07:55:50.794,0.99425,0.99447,1.50,3.00
2013.10.31 07:55:51.037,0.99422,0.99444,1.50,2.25
2013.10.31 07:55:57.144,0.99421,0.99443,1.88,1.50
2013.10.31 07:55:59.784,0.99421,0.99443,1.88,1.50
2013.10.31 07:56:00.075,0.99421,0.99443,1.88,1.50
2013.10.31 07:56:05.360,0.99421,0.99443,1.88,1.50
2013.10.31 07:56:06.087,0.99421,0.99442,1.13,1.50
2013.10.31 07:56:06.394,0.99421,0.99439,1.13,1.13
2013.10.31 07:56:06.514,0.99421,0.9944,1.13,1.50
2013.10.31 07:56:07.095,0.99422,0.99443,1.13,1.50
2013.10.31 07:56:08.405,0.99422,0.99441,1.13,1.50
2013.10.31 07:56:10.818,0.99422,0.99443,1.13,1.50
2013.10.31 07:56:14.116,0.99422,0.99441,1.13,1.50
2013.10.31 07:56:16.664,0.99422,0.99443,1.13,2.25
2013.10.31 07:56:17.324,0.99425,0.99443,1.13,1.50
2013.10.31 07:56:18.654,0.99424,0.99445,1.13,1.50
2013.10.31 07:56:19.824,0.99426,0.99446,1.13,1.50
2013.10.31 07:56:20.854,0.99425,0.99444,1.13,1.50
2013.10.31 07:56:21.034,0.99422,0.99439,1.13,1.13
2013.10.31 07:56:21.095,0.9942,0.9944,1.50,1.13
2013.10.31 07:56:21.634,0.99419,0.99439,1.13,1.50
2013.10.31 07:56:23.504,0.9942,0.99441,1.13,1.50
2013.10.31 07:56:23.564,0.9942,0.99441,1.13,1.50
2013.10.31 07:56:29.182,0.99419,0.99441,1.88,2.25
2013.10.31 07:56:29.246,0.99419,0.99441,1.88,2.25
2013.10.31 07:56:29.602,0.99419,0.9944,1.88,1.13
2013.10.31 07:56:29.665,0.99419,0.9944,2.63,1.13
2013.10.31 07:56:30.211,0.99418,0.99438,1.88,2.25
2013.10.31 07:56:39.985,0.99422,0.99443,2.25,1.50
2013.10.31 07:56:40.104,0.99422,0.99443,1.50,1.50
2013.10.31 07:56:41.114,0.99421,0.99443,1.50,1.50
2013.10.31 07:56:44.138,0.99422,0.99441,1.50,1.50
2013.10.31 07:56:44.404,0.99422,0.99442,1.50,1.50
2013.10.31 07:56:44.942,0.99421,0.9944,1.50,1.50
2013.10.31 07:56:46.117,0.99422,0.9944,1.50,1.50
2013.10.31 07:56:46.235,0.99422,0.99443,1.50,1.50
2013.10.31 07:56:46.654,0.99427,0.99447,1.13,1.50
2013.10.31 07:56:59.856,0.99427,0.99447,1.13,2.25
2013.10.31 07:57:03.165,0.99427,0.99447,1.13,1.50
2013.10.31 07:57:09.244,0.99425,0.99447,2.25,2.25
2013.10.31 07:57:09.694,0.99425,0.99447,2.25,1.50
2013.10.31 07:57:14.377,0.99425,0.99447,2.63,2.25
2013.10.31 07:57:14.924,0.99427,0.99448,2.25,1.50
2013.10.31 07:57:15.496,0.99425,0.99444,1.50,1.50
2013.10.31 07:57:16.005,0.99423,0.99444,1.13,1.50
2013.10.31 07:57:17.365,0.99424,0.9944,1.13,1.50
2013.10.31 07:57:17.725,0.99422,0.9944,1.13,1.50
2013.10.31 07:57:18.670,0.99422,0.9944,1.13,1.50
2013.10.31 07:57:23.004,0.99422,0.99441,1.88,1.50
2013.10.31 07:57:24.200,0.99422,0.99442,1.88,1.50
2013.10.31 07:57:24.505,0.99423,0.99442,1.13,1.50
2013.10.31 07:57:25.424,0.99422,0.99442,1.88,1.50
2013.10.31 07:57:25.926,0.99422,0.99442,1.88,1.50
2013.10.31 07:57:26.366,0.99422,0.99442,1.88,1.50
2013.10.31 07:57:27.686,0.99422,0.99442,1.88,1.50
2013.10.31 07:57:27.912,0.99422,0.99442,1.88,1.50
2013.10.31 07:57:28.507,0.99422,0.99442,1.88,1.50
2013.10.31 07:57:34.666,0.99422,0.99442,1.88,1.50
2013.10.31 07:57:36.096,0.99422,0.99442,1.88,1.50
2013.10.31 07:57:37.355,0.99422,0.99443,1.88,1.50
2013.10.31 07:57:37.865,0.99423,0.99445,1.50,1.50
2013.10.31 07:57:41.765,0.99422,0.99442,1.13,1.50
2013.10.31 07:57:53.804,0.99422,0.99442,1.88,1.50
2013.10.31 07:57:54.586,0.99422,0.99442,1.13,1.50
2013.10.31 07:57:55.141,0.99422,0.99444,1.88,1.50
2013.10.31 07:57:55.384,0.99425,0.99444,1.13,1.50
2013.10.31 07:57:55.504,0.99425,0.99444,3.38,1.50
2013.10.31 07:58:00.915,0.99425,0.99447,4.50,1.50
2013.10.31 07:58:02.414,0.99425,0.99445,1.50,1.13
2013.10.31 07:58:02.774,0.99422,0.99442,1.13,1.50
2013.10.31 07:58:03.075,0.99422,0.99442,1.13,1.50
2013.10.31 07:58:03.444,0.9942,0.9944,1.88,1.50
2013.10.31 07:58:03.565,0.99423,0.99443,1.50,1.50
2013.10.31 07:58:03.627,0.99423,0.99444,1.50,1.50
2013.10.31 07:58:04.051,0.99424,0.99445,1.50,1.88
2013.10.31 07:58:04.762,0.99424,0.99445,2.25,1.50
2013.10.31 07:58:05.704,0.99424,0.99445,2.25,2.25
2013.10.31 07:58:05.946,0.9942,0.99439,1.50,1.50
2013.10.31 07:58:06.124,0.99419,0.99441,2.25,1.50
2013.10.31 07:58:14.902,0.99419,0.99441,1.88,1.50
2013.10.31 07:58:15.405,0.99419,0.9944,1.13,1.50
2013.10.31 07:58:15.465,0.99419,0.9944,1.13,1.50
2013.10.31 07:58:18.074,0.99421,0.99438,1.13,1.50
2013.10.31 07:58:18.135,0.99417,0.99436,1.50,1.50
2013.10.31 07:58:18.375,0.99417,0.99434,1.13,1.50
2013.10.31 07:58:18.614,0.99417,0.99437,1.13,1.50
2013.10.31 07:58:30.875,0.99419,0.99437,1.13,1.50
2013.10.31 07:58:31.054,0.99419,0.99433,1.13,1.50
2013.10.31 07:58:51.387,0.99417,0.99433,1.13,1.50
2013.10.31 07:58:52.146,0.99416,0.99432,1.13,1.50
2013.10.31 07:58:53.075,0.9942,0.99432,1.13,1.50
2013.10.31 07:58:54.045,0.9942,0.99434,1.13,1.50
2013.10.31 07:58:54.104,0.9942,0.99434,1.13,1.50
2013.10.31 07:58:54.626,0.9942,0.99437,1.13,1.50
2013.10.31 07:58:56.006,0.9942,0.99438,1.13,1.50
2013.10.31 07:58:58.915,0.9942,0.99438,1.13,1.50
2013.10.31 07:59:04.235,0.99417,0.99438,1.13,2.25
2013.10.31 07:59:04.296,0.99418,0.99438,1.13,2.25
2013.10.31 07:59:06.306,0.99418,0.99437,1.13,1.50
2013.10.31 07:59:06.719,0.99417,0.99436,1.13,1.50
2013.10.31 07:59:06.895,0.99418,0.99437,1.13,1.50
2013.10.31 07:59:08.588,0.99416,0.99436,1.13,1.50
2013.10.31 07:59:09.636,0.99416,0.99436,1.13,1.50
2013.10.31 07:59:10.565,0.99416,0.99437,1.13,1.50
2013.10.31 07:59:10.685,0.99417,0.99438,1.13,1.50
2013.10.31 07:59:11.165,0.9942,0.99439,1.13,1.50
2013.10.31 07:59:12.949,0.9942,0.99439,1.13,1.50
2013.10.31 07:59:16.664,0.99423,0.9944,1.13,1.50
2013.10.31 07:59:16.785,0.99423,0.99442,1.13,1.50
2013.10.31 07:59:21.565,0.99421,0.99439,1.50,1.50
2013.10.31 07:59:21.865,0.99421,0.99439,1.13,1.50
2013.10.31 07:59:26.394,0.99419,0.99439,1.13,1.50
2013.10.31 07:59:28.264,0.99419,0.99438,1.13,1.50
2013.10.31 07:59:32.226,0.99419,0.99439,1.13,1.50
2013.10.31 07:59:33.874,0.9942,0.99441,1.13,1.50
2013.10.31 07:59:34.275,0.99419,0.99441,1.13,1.50
2013.10.31 07:59:34.335,0.99419,0.99438,1.13,1.50
2013.10.31 07:59:40.744,0.99422,0.99441,1.13,2.25
2013.10.31 07:59:40.865,0.99422,0.99441,1.13,1.50
2013.10.31 07:59:41.115,0.99422,0.99444,1.88,1.50
2013.10.31 07:59:41.674,0.99426,0.99445,1.13,1.50
2013.10.31 07:59:41.735,0.99427,0.99448,1.50,1.50
2013.10.31 07:59:41.976,0.99432,0.9945,1.13,2.25
2013.10.31 07:59:42.166,0.99431,0.99451,1.50,1.50
2013.10.31 07:59:47.117,0.99429,0.99447,1.13,1.50
2013.10.31 07:59:49.857,0.99432,0.99449,1.13,1.50
2013.10.31 07:59:53.815,0.99429,0.99449,1.13,2.25
2013.10.31 07:59:58.895,0.99428,0.99447,1.13,1.50
