2017.10.24 02:00:00.357,0.98723,0.98748,3.00,3.00
2017.10.24 02:00:00.898,0.98724,0.98746,1.00,1.19
2017.10.24 02:00:01.428,0.98724,0.98747,1.12,2.06
2017.10.24 02:00:02.158,0.98723,0.98747,3.00,1.31
2017.10.24 02:00:02.666,0.98724,0.98746,1.50,1.69
2017.10.24 02:00:03.436,0.98723,0.98745,1.00,1.31
2017.10.24 02:00:04.488,0.98725,0.98746,1.00,1.69
2017.10.24 02:00:04.971,0.98723,0.98746,1.00,1.69
2017.10.24 02:00:05.421,0.98727,0.98746,1.00,1.69
2017.10.24 02:00:05.522,0.98726,0.98747,1.00,1.69
2017.10.24 02:00:06.088,0.98725,0.98746,1.00,1.00
2017.10.24 02:00:06.634,0.98724,0.98746,1.50,1.00
2017.10.24 02:00:07.446,0.98724,0.98747,1.00,1.50
2017.10.24 02:00:08.348,0.98724,0.98746,1.50,1.00
2017.10.24 02:00:08.855,0.98724,0.98746,1.00,1.37
2017.10.24 02:00:10.175,0.98725,0.98746,1.00,1.62
2017.10.24 02:00:10.686,0.98726,0.98746,1.00,1.62
2017.10.24 02:00:11.487,0.98724,0.98745,1.50,1.31
2017.10.24 02:00:17.631,0.98724,0.98745,1.00,2.06
2017.10.24 02:00:20.181,0.98724,0.98743,1.00,1.00
2017.10.24 02:00:22.283,0.98722,0.98743,1.12,1.00
2017.10.24 02:00:23.293,0.98721,0.98743,1.50,1.00
2017.10.24 02:00:24.562,0.98722,0.98743,1.00,1.00
2017.10.24 02:00:25.239,0.98722,0.98742,1.00,1.00
2017.10.24 02:00:25.566,0.98722,0.98744,1.00,1.25
2017.10.24 02:00:25.617,0.98722,0.98742,1.00,1.00
2017.10.24 02:00:26.072,0.9872,0.98743,1.12,2.06
2017.10.24 02:00:26.174,0.9872,0.9874,1.12,1.00
2017.10.24 02:00:26.225,0.98717,0.98739,1.00,1.00
2017.10.24 02:00:26.501,0.98717,0.98737,1.00,1.00
2017.10.24 02:00:27.006,0.98717,0.98738,1.12,1.25
2017.10.24 02:00:27.522,0.98717,0.98738,1.12,1.19
2017.10.24 02:00:28.091,0.98717,0.98739,1.12,1.19
2017.10.24 02:00:28.754,0.98717,0.98739,1.12,1.25
2017.10.24 02:00:29.369,0.98716,0.98738,2.44,1.00
2017.10.24 02:00:29.917,0.98716,0.98735,2.06,1.00
2017.10.24 02:00:32.768,0.98717,0.98739,2.44,1.69
2017.10.24 02:00:32.818,0.98721,0.98741,1.00,1.12
2017.10.24 02:00:34.596,0.98721,0.98743,1.50,1.25
2017.10.24 02:00:37.889,0.98721,0.9874,1.00,1.00
2017.10.24 02:00:38.470,0.9872,0.9874,1.00,1.00
2017.10.24 02:00:39.824,0.9872,0.98741,1.00,1.00
2017.10.24 02:00:40.404,0.98721,0.98742,1.00,2.25
2017.10.24 02:00:41.454,0.9872,0.98742,1.00,2.25
2017.10.24 02:00:41.994,0.9872,0.98741,1.25,1.00
2017.10.24 02:00:44.033,0.9872,0.98742,1.00,2.25
2017.10.24 02:00:44.571,0.9872,0.98741,1.00,1.00
2017.10.24 02:00:45.101,0.9872,0.98742,1.50,1.00
2017.10.24 02:00:45.660,0.9872,0.98743,1.00,3.00
2017.10.24 02:00:46.197,0.9872,0.98742,1.50,1.00
2017.10.24 02:00:48.110,0.9872,0.9874,1.00,1.00
2017.10.24 02:00:48.363,0.98718,0.9874,1.50,1.00
2017.10.24 02:00:49.271,0.98718,0.98738,1.00,1.00
2017.10.24 02:00:49.382,0.98718,0.9874,1.00,1.25
2017.10.24 02:00:49.902,0.98718,0.98741,2.25,1.25
2017.10.24 02:00:50.424,0.98718,0.98742,1.50,2.44
2017.10.24 02:00:52.112,0.98718,0.98739,1.50,1.00
2017.10.24 02:00:53.171,0.98717,0.98739,1.12,1.00
2017.10.24 02:00:53.550,0.98721,0.98739,1.00,1.00
2017.10.24 02:00:54.015,0.98719,0.98739,1.50,1.00
2017.10.24 02:00:54.719,0.98719,0.9874,1.50,1.12
2017.10.24 02:00:55.167,0.98721,0.9874,1.00,1.12
2017.10.24 02:00:56.240,0.98721,0.98739,1.00,1.00
2017.10.24 02:00:56.799,0.9872,0.9874,1.00,1.12
2017.10.24 02:00:57.222,0.98718,0.9874,1.00,1.12
2017.10.24 02:00:57.556,0.9872,0.98739,1.00,1.00
2017.10.24 02:00:58.104,0.9872,0.9874,1.00,1.12
2017.10.24 02:00:58.890,0.9872,0.98739,1.00,1.00
2017.10.24 02:01:00.331,0.9872,0.98741,1.00,1.37
2017.10.24 02:01:00.645,0.98725,0.98744,1.00,1.00
2017.10.24 02:01:01.689,0.98724,0.98746,1.00,1.69
2017.10.24 02:01:02.297,0.98724,0.98746,1.00,1.69
2017.10.24 02:01:03.225,0.98724,0.98747,1.00,2.44
2017.10.24 02:01:04.026,0.98724,0.98746,1.00,1.25
2017.10.24 02:01:05.844,0.98724,0.98747,1.00,1.69
2017.10.24 02:01:09.164,0.98724,0.98747,1.00,2.44
2017.10.24 02:01:11.126,0.98722,0.98745,1.50,1.00
2017.10.24 02:01:11.741,0.98722,0.98746,2.25,1.25
2017.10.24 02:01:11.792,0.98722,0.98744,1.00,1.12
2017.10.24 02:01:16.515,0.98722,0.98744,1.19,1.12
2017.10.24 02:01:16.804,0.98719,0.98743,1.69,1.50
2017.10.24 02:01:17.199,0.98719,0.98741,1.19,1.31
2017.10.24 02:01:17.712,0.98718,0.98741,3.56,1.31
2017.10.24 02:01:18.219,0.9872,0.98741,1.69,1.12
2017.10.24 02:01:19.181,0.9872,0.98744,2.44,2.44
2017.10.24 02:01:19.365,0.98722,0.98744,1.69,2.62
2017.10.24 02:01:20.737,0.98723,0.98743,1.00,1.25
2017.10.24 02:01:22.634,0.98722,0.98744,1.69,1.31
2017.10.24 02:01:23.680,0.98723,0.98743,1.00,1.25
2017.10.24 02:01:24.469,0.98722,0.98744,1.69,2.06
2017.10.24 02:01:25.017,0.98722,0.98745,4.69,1.25
2017.10.24 02:01:26.973,0.98726,0.98747,1.00,2.81
2017.10.24 02:01:27.932,0.98725,0.98747,1.00,2.81
2017.10.24 02:01:29.302,0.98725,0.98746,1.00,1.31
2017.10.24 02:01:30.324,0.98725,0.98747,1.00,2.44
2017.10.24 02:01:31.342,0.98727,0.98748,1.00,2.06
2017.10.24 02:01:31.604,0.98727,0.98749,1.00,1.69
2017.10.24 02:01:32.602,0.98725,0.98747,1.12,1.00
2017.10.24 02:01:34.508,0.98725,0.98746,1.31,1.00
2017.10.24 02:01:34.924,0.98721,0.98737,1.00,1.50
2017.10.24 02:01:35.025,0.98713,0.98734,1.00,1.25
2017.10.24 02:01:35.076,0.98715,0.98732,1.00,1.00
2017.10.24 02:01:35.439,0.98713,0.98731,1.00,1.00
2017.10.24 02:01:35.591,0.98712,0.98729,1.00,1.00
2017.10.24 02:01:36.279,0.98711,0.98729,1.00,1.00
2017.10.24 02:01:36.559,0.98708,0.98729,1.25,1.00
2017.10.24 02:01:37.716,0.98707,0.9873,1.69,1.00
2017.10.24 02:01:40.800,0.98707,0.98731,2.44,2.25
2017.10.24 02:01:41.375,0.98708,0.9873,1.25,1.00
2017.10.24 02:01:41.947,0.98709,0.9873,1.00,1.00
2017.10.24 02:01:44.448,0.98707,0.98731,1.50,2.25
2017.10.24 02:01:44.499,0.98708,0.98729,1.00,1.69
2017.10.24 02:01:45.007,0.98707,0.98729,1.00,2.44
2017.10.24 02:01:46.184,0.98708,0.98729,1.25,1.50
2017.10.24 02:01:46.714,0.98708,0.9873,1.50,1.50
2017.10.24 02:01:47.272,0.98709,0.9873,1.00,1.00
2017.10.24 02:01:49.022,0.98709,0.98729,1.00,1.00
2017.10.24 02:01:52.842,0.98708,0.98729,1.00,1.00
2017.10.24 02:01:55.313,0.98715,0.9873,1.00,1.00
2017.10.24 02:01:55.364,0.98715,0.98735,1.25,1.37
2017.10.24 02:01:55.415,0.98712,0.98735,1.12,2.06
2017.10.24 02:01:55.466,0.98712,0.98731,1.12,1.00
2017.10.24 02:01:55.882,0.98708,0.9873,3.56,1.12
2017.10.24 02:01:57.000,0.98708,0.9873,2.25,1.50
2017.10.24 02:01:57.583,0.98707,0.9873,1.50,2.25
2017.10.24 02:02:00.647,0.98709,0.98729,1.00,1.12
2017.10.24 02:02:01.175,0.9871,0.98729,1.00,1.12
2017.10.24 02:02:01.226,0.98708,0.98729,1.00,1.12
2017.10.24 02:02:03.171,0.98709,0.98729,1.00,1.12
2017.10.24 02:02:09.249,0.9871,0.9873,1.00,1.50
2017.10.24 02:02:12.581,0.98711,0.9873,1.00,1.50
2017.10.24 02:02:16.838,0.98712,0.98732,1.00,2.00
2017.10.24 02:02:16.940,0.98712,0.98732,1.00,1.31
2017.10.24 02:02:18.840,0.98712,0.98731,1.00,1.00
2017.10.24 02:02:19.875,0.98712,0.98732,1.00,1.12
2017.10.24 02:02:20.378,0.98711,0.98731,1.00,1.00
2017.10.24 02:02:21.062,0.98711,0.9873,1.00,1.00
2017.10.24 02:02:21.960,0.98712,0.98731,1.00,1.00
2017.10.24 02:02:22.011,0.98713,0.98733,1.00,1.50
2017.10.24 02:02:23.791,0.98714,0.98733,1.00,1.50
2017.10.24 02:02:25.741,0.98714,0.98734,1.00,1.87
2017.10.24 02:02:26.260,0.98714,0.98733,1.00,1.50
2017.10.24 02:02:27.595,0.98713,0.98733,1.00,1.50
2017.10.24 02:02:34.521,0.98712,0.98733,1.50,1.00
2017.10.24 02:02:35.046,0.98712,0.98734,1.50,2.06
2017.10.24 02:02:37.929,0.98712,0.98733,1.50,1.00
2017.10.24 02:02:41.080,0.98712,0.98734,1.50,2.06
2017.10.24 02:02:41.691,0.98712,0.98733,1.50,1.69
2017.10.24 02:02:42.551,0.98712,0.98732,1.50,1.00
2017.10.24 02:02:44.984,0.98712,0.98731,1.50,1.00
2017.10.24 02:02:45.823,0.98712,0.98732,1.50,1.12
2017.10.24 02:02:45.903,0.98715,0.98732,1.00,1.12
2017.10.24 02:02:46.638,0.98715,0.98731,1.00,1.00
2017.10.24 02:02:48.688,0.98715,0.98732,1.00,1.12
2017.10.24 02:02:52.515,0.98715,0.98731,1.00,1.00
2017.10.24 02:02:55.609,0.98714,0.98736,1.00,1.75
2017.10.24 02:02:55.660,0.98715,0.98735,1.00,1.50
2017.10.24 02:02:55.813,0.98715,0.98736,1.00,3.00
2017.10.24 02:02:56.903,0.98713,0.98735,1.00,2.25
2017.10.24 02:02:57.004,0.98711,0.9873,1.00,1.00
2017.10.24 02:02:57.106,0.98708,0.98729,1.12,1.00
2017.10.24 02:02:57.208,0.98706,0.98727,1.00,1.19
2017.10.24 02:02:57.731,0.98708,0.98727,1.00,1.87
2017.10.24 02:02:58.609,0.98708,0.98727,1.00,1.25
2017.10.24 02:03:00.527,0.98708,0.98727,1.00,1.87
2017.10.24 02:03:02.185,0.98709,0.9873,1.00,1.87
2017.10.24 02:03:02.236,0.98709,0.98731,1.00,2.44
2017.10.24 02:03:02.287,0.98711,0.9873,1.00,1.12
2017.10.24 02:03:03.399,0.9871,0.98731,1.00,2.44
2017.10.24 02:03:08.425,0.9871,0.98731,1.00,1.87
2017.10.24 02:03:12.190,0.98708,0.98727,1.12,1.00
2017.10.24 02:03:12.847,0.98707,0.98727,1.12,1.00
2017.10.24 02:03:13.349,0.98706,0.98728,1.50,1.00
2017.10.24 02:03:14.234,0.98706,0.98726,1.69,1.00
2017.10.24 02:03:14.767,0.98706,0.98727,1.25,1.00
2017.10.24 02:03:15.851,0.98706,0.9873,1.69,1.50
2017.10.24 02:03:16.370,0.98706,0.98729,2.44,1.00
2017.10.24 02:03:22.467,0.98706,0.98729,1.50,1.19
2017.10.24 02:03:23.013,0.98705,0.98727,1.00,1.25
2017.10.24 02:03:23.594,0.98704,0.98728,2.62,2.06
2017.10.24 02:03:24.103,0.98705,0.98727,1.69,1.00
2017.10.24 02:03:24.154,0.98705,0.98729,1.62,1.50
2017.10.24 02:03:24.769,0.98707,0.98729,1.00,1.31
2017.10.24 02:03:27.661,0.98706,0.98729,1.87,1.31
2017.10.24 02:03:27.712,0.98708,0.98729,1.00,2.06
2017.10.24 02:03:27.763,0.98705,0.98728,2.25,1.00
2017.10.24 02:03:28.372,0.98705,0.98728,1.12,1.87
2017.10.24 02:03:28.423,0.98703,0.98725,2.25,1.00
2017.10.24 02:03:29.654,0.98704,0.98726,1.00,1.37
2017.10.24 02:03:29.961,0.98706,0.98727,1.19,1.00
2017.10.24 02:03:30.212,0.98705,0.98727,1.00,1.50
2017.10.24 02:03:30.738,0.98704,0.98727,1.00,1.50
2017.10.24 02:03:31.042,0.98704,0.98724,1.00,1.37
2017.10.24 02:03:31.953,0.98702,0.98723,1.25,1.12
2017.10.24 02:03:32.548,0.98702,0.98725,1.00,1.69
2017.10.24 02:03:33.173,0.98701,0.98725,2.62,1.69
2017.10.24 02:03:33.861,0.98702,0.98725,1.00,1.69
2017.10.24 02:03:34.699,0.98701,0.98724,1.12,1.00
2017.10.24 02:03:35.469,0.98701,0.98723,1.87,1.12
2017.10.24 02:03:37.899,0.98701,0.98721,1.12,1.25
2017.10.24 02:03:38.231,0.98701,0.9872,1.00,1.50
2017.10.24 02:03:38.483,0.98702,0.98722,1.00,1.50
2017.10.24 02:03:39.036,0.98702,0.98722,1.00,1.50
2017.10.24 02:03:46.826,0.987,0.98723,1.00,2.25
2017.10.24 02:03:49.880,0.987,0.98722,1.00,1.00
2017.10.24 02:03:50.393,0.987,0.98722,1.00,1.50
2017.10.24 02:03:55.724,0.98699,0.98721,1.25,1.12
2017.10.24 02:03:56.263,0.987,0.98721,1.00,1.12
2017.10.24 02:04:01.153,0.98696,0.98716,1.37,1.00
2017.10.24 02:04:01.356,0.9869,0.98711,1.31,1.12
2017.10.24 02:04:01.559,0.98687,0.98708,2.06,1.00
2017.10.24 02:04:01.660,0.98686,0.98708,1.25,1.12
2017.10.24 02:04:01.711,0.98688,0.98708,1.00,1.12
2017.10.24 02:04:02.230,0.98689,0.98708,1.00,1.12
2017.10.24 02:04:04.242,0.98687,0.98709,1.50,1.87
2017.10.24 02:04:04.293,0.98686,0.98706,1.00,1.00
2017.10.24 02:04:04.802,0.98687,0.98705,1.00,1.12
2017.10.24 02:04:04.853,0.98687,0.98707,1.00,1.12
2017.10.24 02:04:06.524,0.98687,0.98703,1.00,1.12
2017.10.24 02:04:07.852,0.98685,0.98703,1.50,1.50
2017.10.24 02:04:08.643,0.98686,0.98702,1.00,1.12
2017.10.24 02:04:08.753,0.98684,0.98702,1.00,1.12
2017.10.24 02:04:08.855,0.98686,0.98702,1.00,1.12
2017.10.24 02:04:10.225,0.98687,0.98703,1.69,1.00
2017.10.24 02:04:10.547,0.98691,0.98711,1.00,3.37
2017.10.24 02:04:10.598,0.98691,0.98708,1.00,1.12
2017.10.24 02:04:11.169,0.98691,0.9871,1.00,1.12
2017.10.24 02:04:11.710,0.98691,0.98709,1.00,1.00
2017.10.24 02:04:12.232,0.98692,0.98709,1.00,1.12
2017.10.24 02:04:12.333,0.98693,0.98712,1.00,1.50
2017.10.24 02:04:12.435,0.98689,0.98707,1.50,1.00
2017.10.24 02:04:12.486,0.98689,0.98709,1.00,1.87
2017.10.24 02:04:12.845,0.98693,0.9871,1.00,1.50
2017.10.24 02:04:13.181,0.98693,0.98713,1.00,1.37
2017.10.24 02:04:13.903,0.98694,0.98712,1.00,1.12
2017.10.24 02:04:14.431,0.98695,0.98713,1.00,1.37
2017.10.24 02:04:16.024,0.98693,0.9871,1.00,1.00
2017.10.24 02:04:17.041,0.98694,0.9871,1.00,1.12
2017.10.24 02:04:18.741,0.98694,0.98714,1.00,1.75
2017.10.24 02:04:18.792,0.98694,0.98713,1.00,1.12
2017.10.24 02:04:19.392,0.98693,0.98713,1.25,1.12
2017.10.24 02:04:20.566,0.98694,0.98713,1.00,1.12
2017.10.24 02:04:21.179,0.98695,0.98714,1.00,1.12
2017.10.24 02:04:21.243,0.98699,0.98714,1.00,1.12
2017.10.24 02:04:21.759,0.98698,0.98715,1.00,1.37
2017.10.24 02:04:22.880,0.98699,0.98715,1.00,1.37
2017.10.24 02:04:22.982,0.987,0.98718,1.00,1.00
2017.10.24 02:04:23.185,0.987,0.98721,1.00,1.12
2017.10.24 02:04:23.692,0.98701,0.98721,1.00,1.12
2017.10.24 02:04:23.855,0.98701,0.98719,1.00,1.00
2017.10.24 02:04:24.792,0.98702,0.98721,1.00,1.37
2017.10.24 02:04:24.996,0.98702,0.98724,1.87,2.06
2017.10.24 02:04:25.047,0.98701,0.9872,1.50,1.00
2017.10.24 02:04:25.436,0.98706,0.98723,1.00,1.87
2017.10.24 02:04:25.489,0.98701,0.98723,1.00,1.69
2017.10.24 02:04:26.533,0.98706,0.98724,1.00,1.00
2017.10.24 02:04:26.714,0.98701,0.98722,1.00,1.00
2017.10.24 02:04:26.766,0.98701,0.98722,1.00,2.06
2017.10.24 02:04:27.069,0.98705,0.98722,1.00,1.12
2017.10.24 02:04:27.373,0.98709,0.98725,1.00,1.00
2017.10.24 02:04:27.980,0.98709,0.98726,1.00,1.12
2017.10.24 02:04:29.565,0.98709,0.98728,1.00,2.25
2017.10.24 02:04:29.667,0.98709,0.9873,1.00,2.25
2017.10.24 02:04:29.768,0.9871,0.98731,1.69,2.62
2017.10.24 02:04:29.921,0.98714,0.98735,1.00,1.69
2017.10.24 02:04:30.070,0.98714,0.9873,1.00,1.00
2017.10.24 02:04:30.126,0.98709,0.98731,1.00,1.50
2017.10.24 02:04:30.633,0.9871,0.98732,1.12,1.56
2017.10.24 02:04:31.683,0.98709,0.98732,2.25,1.00
2017.10.24 02:04:32.349,0.98711,0.98734,1.69,1.75
2017.10.24 02:04:32.400,0.98716,0.98737,1.00,2.62
2017.10.24 02:04:32.751,0.98714,0.98733,1.00,2.62
2017.10.24 02:04:33.004,0.98711,0.98732,1.00,1.69
2017.10.24 02:04:33.106,0.98711,0.98733,1.00,1.50
2017.10.24 02:04:33.668,0.98711,0.98732,1.00,1.00
2017.10.24 02:04:36.248,0.98713,0.98732,1.00,1.00
2017.10.24 02:04:36.794,0.98714,0.98733,1.00,1.12
2017.10.24 02:04:37.099,0.98718,0.98738,1.00,1.44
2017.10.24 02:04:37.403,0.98722,0.98738,1.00,1.25
2017.10.24 02:04:37.819,0.98718,0.98738,1.00,1.31
2017.10.24 02:04:37.870,0.98721,0.98736,1.00,1.12
2017.10.24 02:04:37.921,0.98719,0.98736,1.00,3.19
2017.10.24 02:04:37.972,0.9872,0.98733,1.00,1.25
2017.10.24 02:04:38.073,0.98714,0.9873,1.00,1.25
2017.10.24 02:04:38.235,0.98724,0.9873,1.00,1.00
2017.10.24 02:04:38.337,0.98724,0.98739,1.00,1.00
2017.10.24 02:04:38.388,0.98725,0.98741,1.00,2.00
2017.10.24 02:04:38.529,0.9873,0.98746,1.00,1.19
2017.10.24 02:04:38.682,0.98728,0.98743,1.00,1.25
2017.10.24 02:04:38.941,0.9872,0.98738,1.00,1.69
2017.10.24 02:04:38.992,0.98722,0.98734,1.00,1.00
2017.10.24 02:04:39.519,0.98721,0.98736,1.00,1.75
2017.10.24 02:04:39.622,0.98722,0.98738,1.00,2.06
2017.10.24 02:04:39.673,0.98721,0.98734,1.00,1.00
2017.10.24 02:04:39.776,0.98722,0.98738,1.00,1.31
2017.10.24 02:04:39.827,0.98719,0.98738,1.00,1.12
2017.10.24 02:04:39.930,0.98727,0.98737,1.00,1.00
2017.10.24 02:04:39.982,0.98723,0.98742,1.00,1.12
2017.10.24 02:04:40.034,0.98727,0.98744,1.00,1.87
2017.10.24 02:04:40.274,0.98728,0.98747,1.00,2.06
2017.10.24 02:04:40.324,0.98728,0.98744,1.00,1.00
2017.10.24 02:04:40.426,0.98727,0.98747,1.00,1.00
2017.10.24 02:04:40.629,0.98729,0.98749,1.00,1.69
2017.10.24 02:04:40.956,0.98729,0.98746,1.00,1.00
2017.10.24 02:04:41.108,0.98727,0.98746,1.12,1.00
2017.10.24 02:04:41.210,0.98727,0.9875,1.12,3.56
2017.10.24 02:04:41.261,0.98729,0.9875,1.50,1.31
2017.10.24 02:04:41.558,0.98732,0.98754,1.00,2.06
2017.10.24 02:04:41.912,0.98732,0.98755,2.06,2.06
2017.10.24 02:04:41.963,0.98738,0.98757,1.00,1.87
2017.10.24 02:04:42.014,0.98737,0.98758,1.50,1.12
2017.10.24 02:04:42.167,0.9874,0.9876,1.00,1.69
2017.10.24 02:04:42.568,0.98742,0.9876,1.00,1.12
2017.10.24 02:04:42.980,0.98743,0.98763,1.00,1.25
2017.10.24 02:04:43.127,0.98745,0.98765,1.00,1.81
2017.10.24 02:04:43.229,0.98745,0.98765,1.00,2.06
2017.10.24 02:04:43.754,0.98745,0.98767,1.00,2.06
2017.10.24 02:04:44.282,0.98746,0.98767,1.00,1.69
2017.10.24 02:04:44.434,0.98746,0.98762,1.00,1.19
2017.10.24 02:04:44.485,0.98741,0.98761,1.37,1.25
2017.10.24 02:04:44.536,0.98739,0.98762,1.87,1.00
2017.10.24 02:04:44.587,0.9874,0.98763,1.87,1.31
2017.10.24 02:04:45.134,0.98739,0.9876,1.00,1.69
2017.10.24 02:04:45.235,0.98737,0.98759,1.00,1.56
2017.10.24 02:04:45.521,0.98739,0.9876,1.00,2.44
2017.10.24 02:04:45.753,0.98739,0.98761,1.00,1.19
2017.10.24 02:04:46.534,0.98738,0.98761,3.00,1.19
2017.10.24 02:04:46.634,0.98738,0.98761,3.00,1.19
2017.10.24 02:04:46.736,0.98738,0.98763,3.00,3.56
2017.10.24 02:04:47.154,0.9874,0.98762,1.00,1.19
2017.10.24 02:04:47.461,0.98738,0.9875,1.50,1.00
2017.10.24 02:04:47.611,0.98739,0.98755,1.00,2.25
2017.10.24 02:04:47.662,0.98739,0.98755,1.00,2.25
2017.10.24 02:04:47.866,0.98733,0.98754,1.00,1.75
2017.10.24 02:04:48.584,0.98734,0.98755,1.00,1.75
2017.10.24 02:04:48.635,0.98735,0.98755,1.00,1.37
2017.10.24 02:04:48.904,0.98737,0.98753,1.00,1.00
2017.10.24 02:04:49.006,0.98734,0.98753,1.50,1.00
2017.10.24 02:04:49.057,0.98733,0.98755,1.00,1.12
2017.10.24 02:04:49.108,0.98734,0.98754,1.00,1.19
2017.10.24 02:04:49.411,0.98738,0.98758,1.00,1.87
2017.10.24 02:04:49.866,0.9874,0.98759,1.50,1.25
2017.10.24 02:04:50.372,0.98741,0.98759,1.00,1.00
2017.10.24 02:04:51.003,0.98741,0.98757,1.00,1.00
2017.10.24 02:04:51.542,0.9874,0.98757,1.00,1.12
2017.10.24 02:04:51.592,0.98737,0.98756,1.50,1.00
2017.10.24 02:04:52.839,0.98737,0.98757,1.00,1.12
2017.10.24 02:04:53.143,0.98738,0.98759,1.00,1.31
2017.10.24 02:04:53.294,0.9874,0.98759,1.00,1.31
2017.10.24 02:04:53.605,0.98742,0.98759,1.00,1.00
2017.10.24 02:04:54.112,0.98742,0.9876,1.00,1.12
2017.10.24 02:04:54.623,0.98742,0.98759,1.00,1.25
2017.10.24 02:04:55.090,0.98742,0.98757,1.00,1.00
2017.10.24 02:04:55.243,0.98742,0.98759,1.00,1.69
2017.10.24 02:04:55.344,0.98741,0.98756,1.00,1.00
2017.10.24 02:04:55.496,0.98737,0.98754,1.00,1.12
2017.10.24 02:04:55.731,0.98737,0.98754,1.00,1.50
2017.10.24 02:04:56.301,0.98736,0.98754,1.00,1.87
2017.10.24 02:04:56.811,0.98736,0.98755,1.00,4.50
2017.10.24 02:04:57.215,0.98739,0.98755,1.00,3.37
2017.10.24 02:04:57.562,0.98732,0.98745,1.00,1.00
2017.10.24 02:04:57.613,0.98732,0.98747,1.00,1.00
2017.10.24 02:04:57.664,0.98732,0.98749,1.00,2.44
2017.10.24 02:04:57.766,0.98732,0.98749,1.00,1.00
2017.10.24 02:04:58.297,0.98733,0.98748,1.00,1.00
2017.10.24 02:04:58.349,0.98728,0.98746,1.00,1.19
2017.10.24 02:04:58.400,0.98731,0.98746,1.00,1.00
2017.10.24 02:04:58.552,0.98732,0.98748,1.00,1.12
2017.10.24 02:04:58.654,0.98732,0.98751,1.00,1.31
2017.10.24 02:04:58.705,0.98735,0.98751,1.00,1.12
2017.10.24 02:04:59.221,0.98734,0.98751,1.00,1.12
2017.10.24 02:05:00.093,0.98738,0.98751,1.00,1.12
2017.10.24 02:05:00.246,0.9874,0.98756,1.00,1.12
2017.10.24 02:05:00.771,0.9874,0.98757,1.00,1.69
2017.10.24 02:05:00.883,0.98738,0.98756,1.00,1.25
2017.10.24 02:05:01.035,0.9874,0.98757,1.00,1.69
2017.10.24 02:05:01.611,0.98741,0.98756,1.00,1.00
2017.10.24 02:05:01.713,0.98741,0.98758,1.00,1.50
2017.10.24 02:05:02.483,0.98741,0.98757,1.00,1.37
2017.10.24 02:05:03.017,0.98742,0.98757,1.00,1.50
2017.10.24 02:05:03.068,0.98742,0.98757,1.00,1.00
2017.10.24 02:05:03.851,0.98742,0.98758,1.00,2.25
2017.10.24 02:05:05.433,0.98744,0.98758,1.00,1.00
2017.10.24 02:05:05.958,0.98743,0.98758,1.00,1.12
2017.10.24 02:05:07.141,0.98742,0.98759,1.00,1.37
2017.10.24 02:05:07.535,0.98733,0.98747,1.75,1.00
2017.10.24 02:05:07.637,0.9873,0.9875,1.00,1.75
2017.10.24 02:05:07.688,0.98734,0.9875,1.00,1.00
2017.10.24 02:05:07.739,0.98732,0.9875,1.00,1.00
2017.10.24 02:05:07.841,0.9873,0.98748,1.12,1.00
2017.10.24 02:05:08.314,0.98732,0.98748,1.00,1.00
2017.10.24 02:05:08.568,0.98735,0.98752,1.00,1.00
2017.10.24 02:05:09.111,0.98729,0.98752,1.50,1.00
2017.10.24 02:05:09.162,0.9873,0.98749,1.00,1.00
2017.10.24 02:05:10.429,0.98733,0.9875,1.00,1.87
2017.10.24 02:05:10.581,0.98729,0.98748,1.50,1.00
2017.10.24 02:05:10.682,0.98727,0.98747,1.12,1.00
2017.10.24 02:05:10.784,0.98729,0.98749,1.00,1.12
2017.10.24 02:05:11.289,0.98729,0.98751,1.00,1.50
2017.10.24 02:05:11.833,0.98728,0.98749,2.25,1.00
2017.10.24 02:05:12.413,0.98729,0.98749,1.25,1.00
2017.10.24 02:05:13.739,0.98728,0.98752,2.25,1.75
2017.10.24 02:05:13.790,0.98729,0.98752,1.50,1.87
2017.10.24 02:05:13.891,0.98729,0.9875,1.25,1.00
2017.10.24 02:05:14.298,0.98729,0.98752,1.50,2.62
2017.10.24 02:05:14.692,0.98729,0.9875,3.00,1.00
2017.10.24 02:05:15.015,0.98727,0.98748,1.12,1.00
2017.10.24 02:05:15.117,0.98728,0.98751,1.12,1.37
2017.10.24 02:05:15.602,0.98729,0.98752,2.06,1.87
2017.10.24 02:05:15.653,0.98732,0.98753,1.00,1.50
2017.10.24 02:05:16.058,0.98732,0.98754,1.12,1.00
2017.10.24 02:05:16.848,0.98731,0.98752,1.50,1.00
2017.10.24 02:05:17.291,0.98731,0.9875,1.00,1.00
2017.10.24 02:05:17.793,0.98729,0.98751,2.62,1.00
2017.10.24 02:05:18.038,0.98729,0.98753,2.62,1.87
2017.10.24 02:05:18.535,0.9873,0.98751,2.06,1.00
2017.10.24 02:05:19.079,0.98731,0.98753,1.50,1.00
2017.10.24 02:05:20.095,0.98731,0.98752,1.69,1.00
2017.10.24 02:05:20.449,0.98731,0.9875,1.50,1.00
2017.10.24 02:05:21.005,0.98731,0.98749,1.00,1.00
2017.10.24 02:05:21.604,0.98731,0.98752,1.00,1.00
2017.10.24 02:05:22.009,0.98727,0.98751,2.06,1.12
2017.10.24 02:05:22.330,0.98733,0.98751,1.00,1.12
2017.10.24 02:05:23.817,0.98734,0.98753,1.00,1.50
2017.10.24 02:05:24.396,0.98733,0.98753,1.00,1.25
2017.10.24 02:05:24.944,0.98734,0.98754,1.00,1.50
2017.10.24 02:05:25.615,0.98734,0.98753,1.00,1.00
2017.10.24 02:05:28.688,0.98734,0.98754,1.00,1.50
2017.10.24 02:05:29.885,0.98736,0.98754,1.00,1.50
2017.10.24 02:05:30.425,0.98735,0.98754,1.00,1.50
2017.10.24 02:05:30.692,0.98731,0.98753,1.00,1.19
2017.10.24 02:05:30.743,0.98736,0.98751,1.00,1.00
2017.10.24 02:05:30.794,0.98733,0.98751,1.00,1.12
2017.10.24 02:05:30.895,0.98729,0.98749,1.00,1.19
2017.10.24 02:05:31.805,0.98728,0.98749,1.00,1.31
2017.10.24 02:05:31.958,0.98731,0.9875,1.00,1.19
2017.10.24 02:05:32.039,0.98731,0.98751,1.00,1.31
2017.10.24 02:05:32.554,0.98732,0.98752,1.00,1.31
2017.10.24 02:05:33.167,0.98732,0.98753,1.00,1.69
2017.10.24 02:05:34.366,0.9873,0.98751,1.00,1.69
2017.10.24 02:05:34.510,0.9873,0.98751,1.00,2.25
2017.10.24 02:05:34.943,0.98731,0.98751,1.00,1.00
2017.10.24 02:05:35.457,0.9873,0.98751,1.00,1.00
2017.10.24 02:05:36.004,0.98731,0.98751,1.00,1.00
2017.10.24 02:05:36.055,0.98729,0.98751,1.00,1.25
2017.10.24 02:05:36.187,0.98727,0.98748,1.50,1.00
2017.10.24 02:05:36.747,0.98727,0.98747,1.00,1.00
2017.10.24 02:05:38.664,0.98727,0.98748,1.00,1.50
2017.10.24 02:05:39.053,0.9873,0.98749,1.00,2.06
2017.10.24 02:05:39.104,0.98728,0.98749,1.00,2.06
2017.10.24 02:05:45.763,0.98728,0.98749,1.00,2.06
2017.10.24 02:05:46.043,0.98726,0.98749,1.12,2.06
2017.10.24 02:05:46.915,0.98727,0.98749,1.00,2.06
2017.10.24 02:05:49.719,0.98725,0.98747,1.69,1.00
2017.10.24 02:05:50.037,0.98727,0.98749,1.12,1.12
2017.10.24 02:05:50.549,0.98727,0.98748,1.12,1.00
2017.10.24 02:05:53.016,0.98726,0.98749,2.25,1.00
2017.10.24 02:05:53.168,0.98727,0.98747,1.12,1.00
2017.10.24 02:05:53.683,0.98727,0.98748,1.87,1.00
2017.10.24 02:05:54.121,0.98724,0.98742,1.50,1.00
2017.10.24 02:05:54.173,0.98718,0.9874,1.50,1.50
2017.10.24 02:05:54.224,0.98715,0.98738,2.81,1.50
2017.10.24 02:05:54.327,0.98715,0.98738,1.75,1.50
2017.10.24 02:05:54.378,0.98715,0.98738,1.00,2.25
2017.10.24 02:05:54.430,0.98719,0.9874,1.00,1.00
2017.10.24 02:05:54.965,0.98718,0.98742,1.37,2.25
2017.10.24 02:05:55.549,0.98717,0.9874,1.00,1.00
2017.10.24 02:05:56.524,0.98718,0.9874,1.00,1.00
2017.10.24 02:05:58.800,0.98718,0.98739,1.00,1.00
2017.10.24 02:05:58.952,0.98718,0.98741,1.00,2.25
2017.10.24 02:05:59.294,0.98721,0.98743,1.00,1.50
2017.10.24 02:05:59.798,0.98721,0.98743,1.00,1.00
2017.10.24 02:06:00.003,0.98725,0.98749,1.31,1.37
2017.10.24 02:06:00.545,0.98726,0.98749,1.00,2.06
2017.10.24 02:06:01.098,0.98725,0.98749,1.12,1.37
2017.10.24 02:06:05.179,0.98726,0.98749,1.25,1.37
2017.10.24 02:06:05.692,0.98725,0.9875,1.31,3.00
2017.10.24 02:06:06.242,0.98725,0.98749,2.06,1.37
2017.10.24 02:06:06.818,0.98725,0.98749,1.69,1.00
2017.10.24 02:06:15.171,0.98724,0.98749,2.44,3.00
2017.10.24 02:06:15.558,0.98729,0.98748,1.00,1.87
2017.10.24 02:06:16.115,0.9873,0.98749,1.00,1.50
2017.10.24 02:06:16.357,0.98728,0.9875,1.00,3.00
2017.10.24 02:06:16.408,0.98729,0.98751,1.00,1.25
2017.10.24 02:06:17.592,0.98729,0.9875,1.00,1.00
2017.10.24 02:06:21.044,0.98727,0.98749,1.50,1.00
2017.10.24 02:06:21.782,0.98727,0.98749,1.00,1.00
2017.10.24 02:06:22.076,0.98725,0.98749,1.12,1.50
2017.10.24 02:06:22.127,0.98727,0.98749,1.00,1.50
2017.10.24 02:06:22.756,0.98727,0.98749,1.12,1.12
2017.10.24 02:06:25.248,0.98725,0.98748,1.75,1.00
2017.10.24 02:06:25.299,0.98725,0.98748,1.00,1.50
2017.10.24 02:06:25.846,0.98724,0.98748,3.00,1.50
2017.10.24 02:06:27.345,0.98725,0.98747,1.00,1.00
2017.10.24 02:06:28.354,0.98725,0.98748,1.00,1.00
2017.10.24 02:06:28.405,0.98725,0.98746,2.25,1.25
2017.10.24 02:06:28.506,0.98724,0.98746,1.12,1.25
2017.10.24 02:06:28.810,0.98721,0.98745,1.50,1.00
2017.10.24 02:06:29.450,0.98722,0.98745,1.00,1.69
2017.10.24 02:06:30.624,0.98721,0.98745,1.50,1.00
2017.10.24 02:06:32.170,0.98722,0.98745,1.00,1.69
2017.10.24 02:06:33.135,0.98721,0.98745,1.50,1.00
2017.10.24 02:06:33.706,0.98722,0.98745,1.00,1.69
2017.10.24 02:06:34.207,0.98722,0.98745,1.87,1.50
2017.10.24 02:06:42.175,0.98722,0.98745,1.00,1.50
2017.10.24 02:06:42.327,0.9872,0.98744,1.12,1.87
2017.10.24 02:06:42.631,0.98719,0.98741,2.81,1.12
2017.10.24 02:06:42.999,0.98724,0.98744,1.00,1.75
2017.10.24 02:06:43.051,0.98724,0.98744,1.69,1.00
2017.10.24 02:06:43.152,0.98726,0.98747,1.00,1.50
2017.10.24 02:06:43.693,0.98726,0.98748,1.00,1.12
2017.10.24 02:06:44.418,0.98726,0.98747,1.00,1.00
2017.10.24 02:06:48.012,0.98726,0.98749,1.00,2.25
2017.10.24 02:06:48.768,0.98726,0.98751,2.44,4.50
2017.10.24 02:06:50.088,0.98728,0.9875,1.25,1.00
2017.10.24 02:06:50.408,0.98731,0.98752,1.00,1.12
2017.10.24 02:06:50.966,0.9873,0.98752,1.00,1.12
2017.10.24 02:06:52.472,0.98728,0.98753,2.44,2.25
2017.10.24 02:06:52.818,0.98728,0.98749,1.50,1.00
2017.10.24 02:06:52.869,0.98727,0.98749,1.12,1.00
2017.10.24 02:06:54.368,0.98728,0.98747,1.00,1.00
2017.10.24 02:06:59.004,0.98727,0.98747,1.87,1.00
2017.10.24 02:06:59.156,0.98724,0.98747,4.87,1.00
2017.10.24 02:07:00.779,0.98724,0.98746,4.87,1.00
2017.10.24 02:07:01.945,0.98726,0.98745,1.00,1.00
2017.10.24 02:07:02.047,0.98724,0.98745,1.12,1.00
2017.10.24 02:07:02.200,0.9872,0.9874,5.06,1.00
2017.10.24 02:07:02.252,0.98719,0.9874,3.19,1.00
2017.10.24 02:07:02.746,0.98719,0.98738,1.50,1.00
2017.10.24 02:07:10.262,0.98719,0.98737,1.00,1.00
2017.10.24 02:07:10.313,0.98715,0.98736,2.44,1.00
2017.10.24 02:07:10.846,0.98718,0.98737,1.00,1.00
2017.10.24 02:07:12.243,0.98717,0.98737,1.00,1.00
2017.10.24 02:07:12.565,0.98716,0.98735,1.25,1.00
2017.10.24 02:07:16.498,0.98716,0.98736,1.50,1.00
2017.10.24 02:07:17.335,0.98716,0.98734,1.00,1.00
2017.10.24 02:07:17.386,0.98714,0.98736,1.69,1.00
2017.10.24 02:07:20.602,0.98716,0.98736,1.00,1.00
2017.10.24 02:07:21.156,0.98717,0.98736,1.12,1.00
2017.10.24 02:07:28.702,0.98717,0.98736,1.37,1.00
2017.10.24 02:07:29.518,0.98717,0.98737,1.37,1.00
2017.10.24 02:07:29.720,0.98722,0.98741,1.00,1.12
2017.10.24 02:07:29.771,0.9872,0.98741,1.00,1.87
2017.10.24 02:07:29.822,0.98721,0.98743,1.25,1.12
2017.10.24 02:07:29.983,0.98721,0.9874,1.12,1.00
2017.10.24 02:07:30.085,0.98719,0.9874,1.00,1.00
2017.10.24 02:07:30.607,0.98718,0.9874,1.87,1.00
2017.10.24 02:07:31.135,0.98719,0.9874,1.00,1.00
2017.10.24 02:07:34.828,0.98717,0.98738,1.69,1.00
2017.10.24 02:07:35.466,0.98721,0.9874,1.00,1.00
2017.10.24 02:07:35.820,0.9872,0.98736,1.00,1.00
2017.10.24 02:07:35.921,0.98718,0.98736,1.31,1.00
2017.10.24 02:07:36.446,0.98718,0.98737,1.12,1.00
2017.10.24 02:07:38.305,0.98723,0.98737,1.00,1.00
2017.10.24 02:07:38.837,0.98722,0.98739,1.00,1.00
2017.10.24 02:07:39.127,0.98718,0.98736,2.06,1.00
2017.10.24 02:07:40.387,0.9872,0.98739,1.00,1.00
2017.10.24 02:07:40.928,0.98721,0.98739,1.00,1.00
2017.10.24 02:07:41.388,0.9872,0.98743,1.19,1.50
2017.10.24 02:07:41.439,0.98723,0.98743,1.25,1.00
2017.10.24 02:07:41.917,0.98722,0.98745,2.00,1.25
2017.10.24 02:07:42.562,0.98722,0.98743,2.44,1.00
2017.10.24 02:07:43.083,0.98723,0.98743,1.00,1.00
2017.10.24 02:07:44.331,0.98718,0.98739,1.62,1.00
2017.10.24 02:07:46.727,0.98718,0.98737,1.62,1.00
2017.10.24 02:07:46.880,0.98717,0.98737,1.31,1.00
2017.10.24 02:07:47.426,0.98718,0.98737,1.25,1.00
2017.10.24 02:07:47.579,0.98717,0.98735,2.06,1.00
2017.10.24 02:07:47.935,0.9872,0.98741,1.00,1.37
2017.10.24 02:07:48.037,0.9872,0.98738,1.12,1.00
2017.10.24 02:07:48.140,0.98718,0.98738,1.12,1.00
2017.10.24 02:07:49.227,0.9872,0.98741,1.25,1.12
2017.10.24 02:07:49.278,0.98721,0.98739,1.00,1.00
2017.10.24 02:07:49.582,0.98717,0.98736,1.12,1.00
2017.10.24 02:07:50.124,0.98716,0.98736,1.25,1.00
2017.10.24 02:07:50.710,0.98715,0.98735,1.12,1.00
2017.10.24 02:07:50.811,0.98713,0.98734,1.31,1.00
2017.10.24 02:07:51.450,0.98713,0.98734,2.81,1.00
2017.10.24 02:07:51.995,0.98712,0.98733,3.19,1.00
2017.10.24 02:07:52.641,0.98713,0.98734,1.31,1.00
2017.10.24 02:07:53.263,0.98715,0.98734,1.00,1.00
2017.10.24 02:07:54.146,0.98713,0.98733,1.50,1.00
2017.10.24 02:07:54.724,0.98714,0.98734,1.00,1.00
2017.10.24 02:07:56.643,0.98714,0.98735,1.25,1.00
2017.10.24 02:07:56.795,0.98715,0.98737,1.00,1.50
2017.10.24 02:07:57.400,0.98715,0.98736,1.25,1.00
2017.10.24 02:07:58.069,0.98717,0.98738,1.12,1.12
2017.10.24 02:07:58.512,0.98717,0.98741,2.06,1.25
2017.10.24 02:07:58.563,0.98719,0.9874,1.50,1.00
2017.10.24 02:07:58.615,0.98719,0.98742,1.50,1.87
2017.10.24 02:07:58.818,0.98719,0.9874,3.94,1.00
2017.10.24 02:07:59.432,0.98719,0.9874,3.75,1.00
2017.10.24 02:08:00.196,0.98719,0.9874,3.56,1.00
2017.10.24 02:08:00.399,0.98719,0.9874,2.62,1.00
2017.10.24 02:08:01.994,0.98719,0.98741,3.56,1.00
2017.10.24 02:08:02.045,0.98721,0.98741,1.00,1.00
2017.10.24 02:08:02.185,0.98722,0.98745,1.50,1.00
2017.10.24 02:08:02.237,0.98722,0.98741,1.00,1.00
2017.10.24 02:08:02.288,0.98719,0.98742,1.87,1.50
2017.10.24 02:08:02.621,0.98718,0.9874,1.69,1.00
2017.10.24 02:08:03.128,0.9872,0.98743,2.81,1.75
2017.10.24 02:08:03.178,0.9872,0.98743,3.19,1.12
2017.10.24 02:08:04.148,0.9872,0.98742,2.44,1.00
2017.10.24 02:08:04.200,0.9872,0.98744,1.12,3.19
2017.10.24 02:08:04.301,0.98721,0.98744,1.37,1.31
2017.10.24 02:08:04.707,0.98723,0.98746,1.31,1.87
2017.10.24 02:08:05.061,0.98723,0.98744,2.06,1.00
2017.10.24 02:08:05.213,0.98721,0.98743,1.00,1.00
2017.10.24 02:08:05.775,0.98721,0.98744,1.00,1.87
2017.10.24 02:08:08.343,0.98722,0.98744,1.00,1.87
2017.10.24 02:08:09.108,0.9872,0.98744,2.81,1.37
2017.10.24 02:08:09.616,0.98723,0.98744,1.69,1.00
2017.10.24 02:08:11.495,0.98722,0.98745,1.00,1.12
2017.10.24 02:08:11.647,0.9872,0.98742,1.12,1.00
2017.10.24 02:08:11.799,0.98718,0.98741,2.44,1.00
2017.10.24 02:08:12.387,0.98718,0.98742,1.69,1.50
2017.10.24 02:08:12.488,0.98721,0.98742,1.00,1.00
2017.10.24 02:08:12.802,0.98722,0.98745,2.25,1.69
2017.10.24 02:08:13.350,0.98722,0.98743,1.50,1.00
2017.10.24 02:08:13.989,0.98723,0.98745,1.12,2.62
2017.10.24 02:08:17.110,0.98722,0.98744,1.87,2.25
2017.10.24 02:08:20.109,0.98722,0.98743,1.12,1.00
2017.10.24 02:08:21.069,0.98722,0.98742,1.12,1.00
2017.10.24 02:08:21.221,0.98721,0.98744,1.37,1.12
2017.10.24 02:08:22.849,0.9872,0.98743,3.56,1.00
2017.10.24 02:08:22.950,0.9872,0.9874,1.00,1.00
2017.10.24 02:08:23.144,0.98717,0.98739,2.44,1.00
2017.10.24 02:08:23.736,0.98717,0.98738,3.94,1.00
2017.10.24 02:08:25.879,0.98719,0.98738,1.00,1.00
2017.10.24 02:08:26.033,0.98717,0.98738,2.25,1.00
2017.10.24 02:08:26.448,0.98719,0.9874,1.00,1.00
2017.10.24 02:08:26.953,0.98719,0.98739,1.00,1.00
2017.10.24 02:08:27.497,0.9872,0.98739,1.00,1.00
2017.10.24 02:08:28.155,0.98721,0.98739,1.00,1.00
2017.10.24 02:08:28.699,0.9872,0.98739,1.00,1.00
2017.10.24 02:08:29.613,0.9872,0.98741,1.00,1.12
2017.10.24 02:08:30.081,0.98721,0.98737,1.00,1.00
2017.10.24 02:08:30.183,0.9872,0.9874,1.00,1.00
2017.10.24 02:08:30.335,0.9872,0.98738,1.00,1.00
2017.10.24 02:08:30.588,0.98717,0.98736,1.00,1.00
2017.10.24 02:08:31.646,0.98717,0.98735,1.00,1.00
2017.10.24 02:08:31.697,0.98717,0.98737,1.00,2.25
2017.10.24 02:08:32.338,0.98717,0.98736,1.00,1.00
2017.10.24 02:08:32.920,0.98717,0.98737,1.00,2.25
2017.10.24 02:08:33.467,0.98717,0.98736,1.00,1.00
2017.10.24 02:08:33.774,0.98719,0.98736,1.00,1.50
2017.10.24 02:08:35.317,0.98718,0.98736,1.00,1.00
2017.10.24 02:08:37.821,0.98717,0.98737,1.00,1.00
2017.10.24 02:08:38.334,0.98718,0.98737,1.00,1.00
2017.10.24 02:08:38.915,0.98717,0.98737,1.00,1.00
2017.10.24 02:08:39.467,0.98718,0.98737,1.87,1.00
2017.10.24 02:08:40.455,0.98717,0.98737,1.00,1.87
2017.10.24 02:08:40.607,0.98715,0.98736,1.00,1.12
2017.10.24 02:08:42.622,0.98717,0.98736,1.00,1.12
2017.10.24 02:08:43.426,0.98716,0.98737,1.00,1.50
2017.10.24 02:08:45.858,0.98716,0.98734,1.00,1.00
2017.10.24 02:08:45.960,0.98714,0.98734,1.12,1.00
2017.10.24 02:08:46.264,0.98715,0.98732,1.00,1.50
2017.10.24 02:08:46.365,0.98712,0.98732,1.00,1.12
2017.10.24 02:08:46.467,0.98712,0.98729,1.00,1.00
2017.10.24 02:08:46.569,0.98709,0.98731,1.00,1.37
2017.10.24 02:08:46.671,0.98708,0.98727,1.00,1.00
2017.10.24 02:08:47.034,0.9871,0.98729,1.00,1.12
2017.10.24 02:08:47.695,0.98709,0.98728,1.00,1.87
2017.10.24 02:08:48.213,0.9871,0.98728,1.00,1.00
2017.10.24 02:08:48.264,0.98711,0.9873,1.00,2.25
2017.10.24 02:08:48.479,0.9871,0.98727,1.00,1.00
2017.10.24 02:08:48.530,0.98705,0.98726,1.00,1.00
2017.10.24 02:08:49.111,0.98703,0.98726,2.06,1.12
2017.10.24 02:08:49.656,0.98704,0.98726,1.25,1.87
2017.10.24 02:08:50.248,0.98704,0.98724,1.69,1.00
2017.10.24 02:08:50.893,0.98704,0.98722,1.25,1.00
2017.10.24 02:08:52.027,0.98703,0.98722,2.81,1.00
2017.10.24 02:08:52.559,0.98704,0.98722,1.00,1.00
2017.10.24 02:08:53.197,0.98703,0.98722,1.12,1.00
2017.10.24 02:08:53.848,0.98704,0.98722,1.00,1.00
2017.10.24 02:08:54.342,0.98702,0.98722,1.25,1.00
2017.10.24 02:08:54.863,0.98702,0.98723,1.37,1.00
2017.10.24 02:08:55.364,0.98702,0.98721,1.87,1.00
2017.10.24 02:08:55.889,0.98701,0.98721,1.69,1.00
2017.10.24 02:08:55.991,0.98701,0.98723,1.19,1.00
2017.10.24 02:08:56.042,0.98701,0.98718,1.00,1.00
2017.10.24 02:08:56.094,0.98701,0.98722,1.25,1.50
2017.10.24 02:08:56.145,0.98702,0.9872,1.25,1.00
2017.10.24 02:08:56.450,0.98698,0.98717,1.12,1.00
2017.10.24 02:08:56.602,0.98694,0.98715,3.94,1.00
2017.10.24 02:08:57.152,0.98696,0.98716,1.31,1.00
2017.10.24 02:08:57.708,0.98696,0.98715,1.31,1.00
2017.10.24 02:08:59.296,0.98697,0.98716,1.25,1.00
2017.10.24 02:08:59.809,0.98697,0.98716,1.19,1.00
2017.10.24 02:09:00.556,0.98697,0.98714,1.25,1.00
2017.10.24 02:09:00.913,0.98696,0.98718,1.19,1.50
2017.10.24 02:09:02.516,0.98696,0.98718,1.87,1.12
2017.10.24 02:09:03.040,0.98696,0.98717,1.69,1.12
2017.10.24 02:09:04.958,0.98697,0.98717,1.00,1.12
2017.10.24 02:09:05.740,0.98701,0.98717,1.00,1.12
2017.10.24 02:09:05.842,0.98699,0.98717,1.00,1.12
2017.10.24 02:09:06.421,0.98697,0.98719,1.00,1.50
2017.10.24 02:09:06.522,0.98695,0.98719,1.87,1.87
2017.10.24 02:09:07.533,0.98693,0.98716,2.62,1.00
2017.10.24 02:09:07.837,0.98698,0.98718,1.87,1.50
2017.10.24 02:09:07.889,0.98698,0.9872,2.62,1.00
2017.10.24 02:09:08.449,0.98698,0.98721,1.50,1.12
2017.10.24 02:09:09.209,0.987,0.98719,1.00,1.12
2017.10.24 02:09:09.728,0.98697,0.98719,1.44,1.12
2017.10.24 02:09:10.031,0.98698,0.98721,1.87,2.25
2017.10.24 02:09:10.133,0.98697,0.98719,3.75,1.00
2017.10.24 02:09:11.208,0.98697,0.98719,1.19,1.00
2017.10.24 02:09:11.531,0.98699,0.98719,1.19,1.00
2017.10.24 02:09:11.843,0.98698,0.98719,1.19,1.75
2017.10.24 02:09:11.996,0.98698,0.98719,1.19,1.00
2017.10.24 02:09:12.533,0.98698,0.98718,1.19,1.00
2017.10.24 02:09:12.584,0.98698,0.9872,1.25,1.12
2017.10.24 02:09:12.885,0.98696,0.98719,1.69,1.50
2017.10.24 02:09:12.989,0.98698,0.98721,1.00,3.00
2017.10.24 02:09:13.040,0.98696,0.98718,1.69,1.00
2017.10.24 02:09:14.681,0.98695,0.98716,3.19,1.00
2017.10.24 02:09:14.732,0.98695,0.98719,2.44,1.50
2017.10.24 02:09:14.782,0.98697,0.98719,1.25,1.50
2017.10.24 02:09:15.412,0.98697,0.98717,1.25,1.00
2017.10.24 02:09:15.615,0.98691,0.98713,1.25,1.50
2017.10.24 02:09:15.666,0.98691,0.98709,1.25,1.00
2017.10.24 02:09:15.717,0.98691,0.98712,1.25,1.12
2017.10.24 02:09:15.818,0.98691,0.9871,1.25,1.00
2017.10.24 02:09:15.869,0.98691,0.98712,1.25,1.50
2017.10.24 02:09:15.920,0.98691,0.98714,1.25,3.00
2017.10.24 02:09:16.022,0.98692,0.98713,1.50,1.25
2017.10.24 02:09:16.330,0.9869,0.98713,1.37,1.31
2017.10.24 02:09:16.534,0.9869,0.98716,3.19,2.25
2017.10.24 02:09:16.685,0.98693,0.98719,1.37,2.25
2017.10.24 02:09:16.736,0.98694,0.98719,1.00,2.25
2017.10.24 02:09:17.001,0.98694,0.98717,1.00,1.00
2017.10.24 02:09:17.106,0.98692,0.98717,1.25,1.50
2017.10.24 02:09:17.258,0.98695,0.98719,1.00,2.44
2017.10.24 02:09:17.511,0.98696,0.98719,1.12,1.12
2017.10.24 02:09:17.779,0.98696,0.98719,1.12,2.25
2017.10.24 02:09:18.064,0.98693,0.98718,1.37,1.75
2017.10.24 02:09:18.579,0.98693,0.98719,1.00,1.75
2017.10.24 02:09:18.798,0.98695,0.98719,1.00,2.25
2017.10.24 02:09:18.850,0.98696,0.98717,1.00,1.00
2017.10.24 02:09:18.951,0.98693,0.98717,1.50,1.00
2017.10.24 02:09:19.002,0.98695,0.98717,1.00,1.00
2017.10.24 02:09:19.364,0.98697,0.98717,1.00,1.00
2017.10.24 02:09:19.669,0.98692,0.98713,1.81,1.00
2017.10.24 02:09:20.024,0.98691,0.98713,1.12,1.00
2017.10.24 02:09:20.589,0.98692,0.98713,1.25,1.50
2017.10.24 02:09:20.640,0.98693,0.98713,1.69,1.00
2017.10.24 02:09:20.842,0.98693,0.98717,1.75,1.00
2017.10.24 02:09:21.247,0.98692,0.98715,3.00,1.50
2017.10.24 02:09:21.456,0.9869,0.98713,2.62,1.12
2017.10.24 02:09:21.610,0.9869,0.9871,1.50,1.00
2017.10.24 02:09:21.713,0.98691,0.98712,2.25,1.00
2017.10.24 02:09:21.764,0.98691,0.98714,3.75,1.12
2017.10.24 02:09:21.999,0.98688,0.98711,6.37,1.00
2017.10.24 02:09:22.353,0.98689,0.98711,1.50,1.00
2017.10.24 02:09:22.556,0.9869,0.98713,1.81,1.87
2017.10.24 02:09:22.859,0.98689,0.9871,1.87,1.50
2017.10.24 02:09:23.038,0.98688,0.98709,1.69,1.12
2017.10.24 02:09:23.168,0.98688,0.98708,1.25,1.37
2017.10.24 02:09:23.574,0.98688,0.98709,1.19,1.50
2017.10.24 02:09:24.090,0.98688,0.98708,1.69,1.00
2017.10.24 02:09:24.376,0.98689,0.98709,1.37,1.00
2017.10.24 02:09:24.631,0.98688,0.98711,4.50,1.87
2017.10.24 02:09:25.136,0.98688,0.9871,4.50,1.00
2017.10.24 02:09:25.562,0.98689,0.98708,2.25,1.00
2017.10.24 02:09:25.772,0.98689,0.9871,1.50,1.00
2017.10.24 02:09:26.604,0.98689,0.9871,1.50,1.00
2017.10.24 02:09:27.576,0.98689,0.9871,1.75,1.00
2017.10.24 02:09:27.627,0.98694,0.98715,1.19,1.50
2017.10.24 02:09:27.830,0.98693,0.98712,1.56,1.00
2017.10.24 02:09:28.270,0.98693,0.9871,1.25,1.00
2017.10.24 02:09:28.745,0.98693,0.98712,1.25,1.00
2017.10.24 02:09:29.020,0.98691,0.98709,1.19,1.00
2017.10.24 02:09:29.619,0.98691,0.9871,1.19,1.00
2017.10.24 02:09:30.326,0.98689,0.9871,3.37,1.00
2017.10.24 02:09:30.845,0.9869,0.9871,1.87,1.00
2017.10.24 02:09:31.387,0.98689,0.9871,1.50,1.00
2017.10.24 02:09:32.131,0.98689,0.9871,1.50,1.00
2017.10.24 02:09:32.632,0.98698,0.98713,1.00,1.37
2017.10.24 02:09:33.892,0.98696,0.98712,1.00,1.00
2017.10.24 02:09:34.398,0.98696,0.98713,1.00,1.12
2017.10.24 02:09:34.979,0.98701,0.98713,1.00,1.00
2017.10.24 02:09:35.130,0.98701,0.98715,1.00,1.00
2017.10.24 02:09:35.181,0.98699,0.98715,1.00,1.00
2017.10.24 02:09:36.906,0.98696,0.98713,1.00,1.00
2017.10.24 02:09:37.045,0.987,0.98713,1.00,1.00
2017.10.24 02:09:37.148,0.987,0.98717,1.00,1.12
2017.10.24 02:09:37.352,0.987,0.98718,1.00,1.37
2017.10.24 02:09:40.208,0.98701,0.98717,1.00,1.37
2017.10.24 02:09:40.259,0.98701,0.98717,1.00,1.12
2017.10.24 02:09:40.997,0.98706,0.98722,1.00,3.37
2017.10.24 02:09:41.099,0.98706,0.98721,1.00,1.00
2017.10.24 02:09:41.150,0.98708,0.98725,1.00,1.62
2017.10.24 02:09:41.201,0.98708,0.98725,1.00,1.12
2017.10.24 02:09:41.766,0.98707,0.98725,1.00,1.12
2017.10.24 02:09:42.166,0.98709,0.98724,1.00,1.00
2017.10.24 02:09:42.268,0.98709,0.98726,1.00,1.50
2017.10.24 02:09:42.369,0.98711,0.98726,1.00,1.12
2017.10.24 02:09:42.521,0.98703,0.98721,1.00,1.00
2017.10.24 02:09:42.572,0.98705,0.98722,1.00,1.37
2017.10.24 02:09:45.675,0.98706,0.98721,1.00,1.12
2017.10.24 02:09:45.777,0.98707,0.98723,1.00,1.31
2017.10.24 02:09:46.705,0.98707,0.98724,1.00,1.12
2017.10.24 02:09:47.402,0.98707,0.98723,1.00,1.00
2017.10.24 02:09:51.584,0.98707,0.98723,1.00,1.50
2017.10.24 02:09:52.088,0.98707,0.98723,1.00,1.00
2017.10.24 02:09:53.675,0.98707,0.98724,1.00,1.12
2017.10.24 02:09:54.269,0.98706,0.98724,1.00,1.12
2017.10.24 02:09:55.766,0.98705,0.98723,1.00,1.00
2017.10.24 02:09:55.817,0.98703,0.98723,1.00,1.00
2017.10.24 02:09:55.868,0.98706,0.98723,1.00,1.00
2017.10.24 02:09:56.244,0.98704,0.98723,1.00,1.12
2017.10.24 02:09:56.346,0.98706,0.98723,1.00,1.12
2017.10.24 02:09:57.096,0.98704,0.9872,1.00,1.25
2017.10.24 02:09:57.147,0.98697,0.98717,1.37,1.50
2017.10.24 02:09:57.198,0.98695,0.98717,1.50,1.00
2017.10.24 02:09:57.352,0.98694,0.98717,1.25,1.50
2017.10.24 02:09:57.504,0.98692,0.98712,1.00,1.00
2017.10.24 02:09:57.606,0.98689,0.98711,1.31,1.12
2017.10.24 02:09:57.913,0.98687,0.98709,2.06,1.00
2017.10.24 02:09:57.964,0.9869,0.98712,1.00,1.50
2017.10.24 02:09:58.217,0.98691,0.9871,1.37,1.00
2017.10.24 02:09:58.522,0.98688,0.98707,1.50,1.00
2017.10.24 02:09:59.331,0.98684,0.98704,3.00,1.00
2017.10.24 02:09:59.382,0.98685,0.98707,1.31,1.00
2017.10.24 02:09:59.685,0.98688,0.98706,1.00,1.00
2017.10.24 02:09:59.935,0.9869,0.98711,2.00,1.00
2017.10.24 02:09:59.986,0.9869,0.98713,1.75,1.00
2017.10.24 02:10:00.037,0.98691,0.9871,1.50,1.00
2017.10.24 02:10:00.671,0.98691,0.98711,1.00,1.00
2017.10.24 02:10:00.824,0.98688,0.98711,2.06,1.00
2017.10.24 02:10:02.351,0.98689,0.98709,1.31,1.00
2017.10.24 02:10:02.933,0.98689,0.98708,1.12,1.00
2017.10.24 02:10:03.362,0.98689,0.98712,1.31,1.12
2017.10.24 02:10:09.700,0.98688,0.98708,1.37,1.25
2017.10.24 02:10:09.751,0.98687,0.98708,1.00,1.25
2017.10.24 02:10:09.802,0.98687,0.98705,1.00,1.00
2017.10.24 02:10:09.946,0.98685,0.98705,1.00,1.00
2017.10.24 02:10:10.050,0.98686,0.98708,1.00,1.50
2017.10.24 02:10:10.642,0.98686,0.98708,1.00,1.12
2017.10.24 02:10:11.158,0.98687,0.98711,1.87,2.44
2017.10.24 02:10:11.209,0.98687,0.98711,1.87,2.06
2017.10.24 02:10:11.720,0.98688,0.9871,1.00,1.00
2017.10.24 02:10:13.513,0.98688,0.9871,1.00,1.69
2017.10.24 02:10:13.564,0.98684,0.98705,3.19,1.00
2017.10.24 02:10:13.615,0.98683,0.98705,1.75,1.00
2017.10.24 02:10:13.716,0.98683,0.98704,1.00,1.00
2017.10.24 02:10:14.260,0.98684,0.98704,1.00,1.00
2017.10.24 02:10:14.811,0.98685,0.98705,1.00,1.00
2017.10.24 02:10:15.406,0.98684,0.98705,1.00,1.00
2017.10.24 02:10:15.589,0.98687,0.98707,1.00,1.00
2017.10.24 02:10:16.609,0.98687,0.98708,1.00,1.12
2017.10.24 02:10:17.169,0.98687,0.98707,1.00,1.00
2017.10.24 02:10:19.948,0.98685,0.98705,1.00,1.00
2017.10.24 02:10:23.508,0.98686,0.98705,1.00,1.00
2017.10.24 02:10:25.578,0.98685,0.98707,1.50,1.50
2017.10.24 02:10:25.629,0.98686,0.98708,1.00,1.12
2017.10.24 02:10:25.781,0.98688,0.98711,1.00,2.44
2017.10.24 02:10:25.933,0.98689,0.98712,1.87,2.06
2017.10.24 02:10:26.745,0.98689,0.98711,1.87,1.00
2017.10.24 02:10:28.120,0.98689,0.98712,1.87,2.06
2017.10.24 02:10:28.474,0.98692,0.98713,1.00,1.50
2017.10.24 02:10:33.801,0.98691,0.98713,1.50,1.50
2017.10.24 02:10:34.634,0.98692,0.98714,1.00,1.62
2017.10.24 02:10:34.685,0.98692,0.98714,1.00,1.25
2017.10.24 02:10:35.236,0.98691,0.98715,1.50,1.69
2017.10.24 02:10:35.590,0.98693,0.98715,1.00,2.25
2017.10.24 02:10:35.893,0.98691,0.98714,3.00,1.50
2017.10.24 02:10:36.417,0.98693,0.98714,1.00,1.25
2017.10.24 02:10:36.936,0.98692,0.98713,1.12,1.00
2017.10.24 02:10:37.303,0.98694,0.98714,1.00,1.00
2017.10.24 02:10:38.078,0.98692,0.98715,1.12,2.44
2017.10.24 02:10:38.468,0.98691,0.98711,1.50,1.00
2017.10.24 02:10:38.569,0.9869,0.98711,1.00,1.37
2017.10.24 02:10:38.634,0.98692,0.98711,1.00,1.37
2017.10.24 02:10:38.685,0.98691,0.98715,1.00,2.44
2017.10.24 02:10:38.736,0.98693,0.98715,1.00,2.44
2017.10.24 02:10:39.084,0.98696,0.98715,1.00,1.00
2017.10.24 02:10:39.186,0.98696,0.9872,1.00,1.12
2017.10.24 02:10:39.404,0.98698,0.9872,1.00,1.12
2017.10.24 02:10:39.989,0.98698,0.98719,1.00,1.00
2017.10.24 02:10:42.470,0.98697,0.98719,1.00,1.00
2017.10.24 02:10:42.782,0.98695,0.98716,1.00,1.00
2017.10.24 02:10:43.086,0.98697,0.98718,1.00,2.25
2017.10.24 02:10:43.188,0.98697,0.98718,1.00,1.00
2017.10.24 02:10:43.703,0.98698,0.98718,1.00,1.50
2017.10.24 02:10:44.660,0.98698,0.98719,1.00,1.87
2017.10.24 02:10:44.834,0.98697,0.98716,1.00,1.00
2017.10.24 02:10:44.935,0.98695,0.98718,1.69,1.87
2017.10.24 02:10:45.037,0.98697,0.98718,1.00,1.12
2017.10.24 02:10:45.340,0.98696,0.98716,1.00,1.12
2017.10.24 02:10:45.612,0.98698,0.9872,1.00,1.50
2017.10.24 02:10:46.119,0.98698,0.98719,1.00,1.00
2017.10.24 02:10:46.793,0.98698,0.9872,1.00,1.50
2017.10.24 02:10:47.568,0.98699,0.9872,1.00,1.50
2017.10.24 02:10:48.074,0.98699,0.98719,1.00,1.00
2017.10.24 02:10:50.602,0.98699,0.9872,1.00,1.00
2017.10.24 02:10:50.653,0.98701,0.98721,1.00,1.37
2017.10.24 02:10:51.201,0.98701,0.98721,1.00,1.00
2017.10.24 02:10:52.057,0.987,0.98721,1.00,1.00
2017.10.24 02:10:54.080,0.98699,0.98721,1.25,1.50
2017.10.24 02:10:59.273,0.987,0.98722,1.25,1.12
2017.10.24 02:11:00.776,0.98701,0.98724,1.00,2.00
2017.10.24 02:11:00.877,0.98701,0.98725,1.12,3.00
2017.10.24 02:11:01.313,0.98703,0.98725,1.12,1.31
2017.10.24 02:11:01.465,0.98699,0.98724,1.00,3.00
2017.10.24 02:11:01.617,0.98698,0.98721,2.06,1.00
2017.10.24 02:11:01.921,0.98702,0.98723,1.00,1.00
2017.10.24 02:11:02.485,0.98701,0.98723,1.69,1.00
2017.10.24 02:11:02.998,0.98701,0.98724,1.00,1.50
2017.10.24 02:11:03.327,0.987,0.98721,1.25,1.00
2017.10.24 02:11:03.622,0.98701,0.98724,1.69,1.00
2017.10.24 02:11:04.718,0.98702,0.98725,1.00,1.87
2017.10.24 02:11:04.819,0.987,0.98725,1.31,2.06
2017.10.24 02:11:04.870,0.98699,0.98721,1.69,1.00
2017.10.24 02:11:05.074,0.987,0.98723,1.12,1.31
2017.10.24 02:11:08.709,0.98699,0.98722,2.06,1.00
2017.10.24 02:11:09.643,0.987,0.98722,1.37,1.00
2017.10.24 02:11:09.750,0.98699,0.98722,2.06,1.12
2017.10.24 02:11:10.294,0.98699,0.98722,2.44,1.00
2017.10.24 02:11:11.168,0.98698,0.9872,1.62,1.00
2017.10.24 02:11:11.219,0.98697,0.98721,1.00,1.50
2017.10.24 02:11:11.726,0.98697,0.9872,1.50,1.25
2017.10.24 02:11:12.135,0.987,0.98722,1.12,2.44
2017.10.24 02:11:12.438,0.98697,0.9872,1.69,1.00
2017.10.24 02:11:12.895,0.98696,0.98716,1.37,1.00
2017.10.24 02:11:12.948,0.98695,0.98718,1.69,1.12
2017.10.24 02:11:13.506,0.98695,0.98718,1.25,1.50
2017.10.24 02:11:14.035,0.98695,0.98717,1.69,1.00
2017.10.24 02:11:14.545,0.98695,0.98717,1.25,1.00
2017.10.24 02:11:15.306,0.98694,0.98718,1.87,1.50
2017.10.24 02:11:17.152,0.98696,0.98719,1.12,1.37
2017.10.24 02:11:17.473,0.987,0.98719,1.12,1.00
2017.10.24 02:11:19.649,0.98695,0.98718,1.75,1.50
2017.10.24 02:11:19.700,0.98695,0.98717,1.69,1.00
2017.10.24 02:11:19.751,0.98695,0.98717,1.31,1.00
2017.10.24 02:11:21.341,0.98699,0.98717,1.00,1.00
2017.10.24 02:11:21.851,0.98698,0.98718,1.00,2.25
2017.10.24 02:11:22.025,0.98699,0.98721,1.50,3.19
2017.10.24 02:11:22.530,0.98699,0.98721,1.00,1.00
2017.10.24 02:11:22.682,0.98697,0.98719,1.50,1.00
2017.10.24 02:11:22.986,0.987,0.98723,1.87,1.50
2017.10.24 02:11:23.138,0.98698,0.98719,1.31,1.00
2017.10.24 02:11:23.341,0.98698,0.98722,1.25,2.25
2017.10.24 02:11:23.564,0.98697,0.98719,2.06,1.00
2017.10.24 02:11:24.607,0.98698,0.98719,1.50,1.00
2017.10.24 02:11:25.742,0.98697,0.98719,2.06,1.00
2017.10.24 02:11:26.282,0.98698,0.98719,1.50,1.00
2017.10.24 02:11:26.617,0.98701,0.98721,1.12,1.00
2017.10.24 02:11:26.922,0.98701,0.98719,1.00,1.00
2017.10.24 02:11:27.124,0.98697,0.98721,2.25,1.00
2017.10.24 02:11:27.226,0.98697,0.98721,1.87,1.12
2017.10.24 02:11:27.327,0.987,0.98722,1.00,1.87
2017.10.24 02:11:27.551,0.987,0.98724,1.37,1.50
2017.10.24 02:11:27.957,0.98701,0.98723,1.00,1.56
2017.10.24 02:11:28.873,0.987,0.98722,1.12,1.12
2017.10.24 02:11:32.855,0.987,0.98724,1.87,1.12
2017.10.24 02:11:33.630,0.98701,0.98724,1.00,1.25
2017.10.24 02:11:36.798,0.98704,0.98725,1.00,1.50
2017.10.24 02:11:37.309,0.98703,0.98726,1.50,1.87
2017.10.24 02:11:39.979,0.98703,0.98725,1.12,1.00
2017.10.24 02:11:40.377,0.98705,0.98728,1.31,1.50
2017.10.24 02:11:40.905,0.98704,0.98727,1.00,1.50
2017.10.24 02:11:41.434,0.98703,0.98726,2.25,1.12
2017.10.24 02:11:42.725,0.98703,0.98727,1.00,1.50
2017.10.24 02:11:42.851,0.98703,0.98724,1.00,1.00
2017.10.24 02:11:42.952,0.98701,0.98725,1.31,1.12
2017.10.24 02:11:43.586,0.98701,0.98724,2.44,1.00
2017.10.24 02:11:44.533,0.98701,0.98725,1.31,1.12
2017.10.24 02:11:49.146,0.987,0.98722,1.00,1.00
2017.10.24 02:11:49.399,0.98701,0.98724,1.31,1.12
2017.10.24 02:11:51.881,0.98701,0.98724,1.31,1.12
2017.10.24 02:11:58.102,0.98701,0.98724,2.06,1.12
2017.10.24 02:11:58.355,0.987,0.98724,1.56,1.12
2017.10.24 02:12:00.124,0.987,0.98723,1.56,1.00
2017.10.24 02:12:02.217,0.98699,0.9872,2.06,1.00
2017.10.24 02:12:02.420,0.98699,0.98721,1.69,1.00
2017.10.24 02:12:02.522,0.98702,0.98724,1.25,1.50
2017.10.24 02:12:02.861,0.98705,0.98725,1.00,1.00
2017.10.24 02:12:02.912,0.98705,0.98728,3.19,1.00
2017.10.24 02:12:03.527,0.98706,0.98729,1.87,1.50
2017.10.24 02:12:07.107,0.98709,0.98732,1.25,2.62
2017.10.24 02:12:07.437,0.98712,0.98732,1.00,1.12
2017.10.24 02:12:07.640,0.98709,0.9873,1.00,1.00
2017.10.24 02:12:07.741,0.98706,0.98728,3.37,1.00
2017.10.24 02:12:09.004,0.98706,0.98727,1.00,1.69
2017.10.24 02:12:09.259,0.98693,0.98715,2.25,1.00
2017.10.24 02:12:09.772,0.98691,0.98714,1.69,1.50
2017.10.24 02:12:10.263,0.98689,0.98712,1.50,1.00
2017.10.24 02:12:10.567,0.98689,0.98712,1.00,2.44
2017.10.24 02:12:11.074,0.98688,0.98712,1.00,1.69
2017.10.24 02:12:12.911,0.98689,0.98712,1.00,2.62
2017.10.24 02:12:13.435,0.98689,0.98712,1.00,1.44
2017.10.24 02:12:17.638,0.98688,0.98712,1.50,1.19
2017.10.24 02:12:18.706,0.98689,0.98712,1.00,1.87
2017.10.24 02:12:19.640,0.98687,0.9871,1.87,1.31
2017.10.24 02:12:20.195,0.98688,0.9871,1.50,1.00
2017.10.24 02:12:20.734,0.98688,0.98711,1.50,1.25
2017.10.24 02:12:21.243,0.98688,0.9871,1.00,1.00
2017.10.24 02:12:24.931,0.98688,0.98711,1.00,1.69
2017.10.24 02:12:24.982,0.9869,0.98712,1.00,3.19
2017.10.24 02:12:28.706,0.9869,0.98712,1.00,1.50
2017.10.24 02:12:29.377,0.98688,0.98711,2.44,1.00
2017.10.24 02:12:29.428,0.98688,0.98709,2.44,1.00
2017.10.24 02:12:31.515,0.98688,0.9871,1.69,1.00
2017.10.24 02:12:32.603,0.98689,0.9871,1.00,1.00
2017.10.24 02:12:33.497,0.9869,0.9871,1.00,1.00
2017.10.24 02:12:34.209,0.9869,0.98711,1.00,1.00
2017.10.24 02:12:40.235,0.9869,0.98712,1.00,2.25
2017.10.24 02:12:44.494,0.98688,0.9871,1.00,1.25
2017.10.24 02:12:44.646,0.98686,0.9871,1.69,1.00
2017.10.24 02:12:44.849,0.98689,0.98711,1.00,1.50
2017.10.24 02:12:45.388,0.98687,0.9871,2.62,1.00
2017.10.24 02:12:46.697,0.98693,0.9871,1.00,1.00
2017.10.24 02:12:47.507,0.98693,0.98711,1.00,1.50
2017.10.24 02:12:48.398,0.98693,0.9871,1.00,1.00
2017.10.24 02:12:49.296,0.98695,0.9871,1.00,1.00
2017.10.24 02:12:49.397,0.98696,0.98714,1.00,1.25
2017.10.24 02:12:51.287,0.98696,0.98715,1.00,2.25
2017.10.24 02:12:51.837,0.98697,0.98714,1.00,1.00
2017.10.24 02:12:52.606,0.98698,0.98714,1.00,1.00
2017.10.24 02:12:52.896,0.98692,0.9871,1.00,1.25
2017.10.24 02:12:53.427,0.98693,0.9871,1.00,1.50
2017.10.24 02:12:53.984,0.98689,0.9871,1.00,1.00
2017.10.24 02:12:54.200,0.98691,0.98711,1.00,1.50
2017.10.24 02:12:54.722,0.98691,0.98711,1.00,1.12
2017.10.24 02:12:55.027,0.98695,0.98713,1.00,1.12
2017.10.24 02:12:55.330,0.98697,0.98715,1.00,1.12
2017.10.24 02:12:55.839,0.98697,0.98713,1.00,1.00
2017.10.24 02:12:56.177,0.98695,0.98716,1.00,2.62
2017.10.24 02:12:56.683,0.98694,0.98714,1.00,1.50
2017.10.24 02:12:57.215,0.98695,0.98714,1.00,1.50
2017.10.24 02:12:58.533,0.98694,0.98714,1.00,1.50
2017.10.24 02:13:00.126,0.98694,0.98712,1.00,1.00
2017.10.24 02:13:00.693,0.98694,0.98711,1.00,1.12
2017.10.24 02:13:01.236,0.98694,0.98715,1.00,2.44
2017.10.24 02:13:01.745,0.98695,0.98714,1.00,1.37
2017.10.24 02:13:01.953,0.98695,0.98716,1.00,1.31
2017.10.24 02:13:02.335,0.98694,0.98712,1.00,1.00
2017.10.24 02:13:02.588,0.98692,0.98712,1.00,1.12
2017.10.24 02:13:03.102,0.98691,0.98712,1.00,1.12
2017.10.24 02:13:03.640,0.98692,0.98711,1.00,1.12
2017.10.24 02:13:04.165,0.98693,0.98712,1.00,2.25
2017.10.24 02:13:04.497,0.98691,0.98712,1.00,2.44
2017.10.24 02:13:04.549,0.98688,0.98708,1.00,1.25
2017.10.24 02:13:05.085,0.98687,0.98709,1.12,1.31
2017.10.24 02:13:05.624,0.98686,0.98709,2.44,1.31
2017.10.24 02:13:05.827,0.98688,0.98713,2.44,1.50
2017.10.24 02:13:05.878,0.98692,0.98713,1.00,1.00
2017.10.24 02:13:06.132,0.9869,0.98712,1.12,1.00
2017.10.24 02:13:06.183,0.9869,0.98714,1.00,2.44
2017.10.24 02:13:06.234,0.98692,0.98714,1.12,2.44
2017.10.24 02:13:06.651,0.98692,0.9871,1.12,1.00
2017.10.24 02:13:06.951,0.98687,0.98707,1.00,1.00
2017.10.24 02:13:07.475,0.98687,0.98708,1.00,1.25
2017.10.24 02:13:08.386,0.9869,0.98712,1.00,1.37
2017.10.24 02:13:08.741,0.98688,0.98709,1.00,1.00
2017.10.24 02:13:09.426,0.98687,0.98707,1.12,1.00
2017.10.24 02:13:09.527,0.98684,0.98706,1.69,1.00
2017.10.24 02:13:10.108,0.98684,0.98706,1.31,1.00
2017.10.24 02:13:11.068,0.98684,0.98705,1.31,1.00
2017.10.24 02:13:11.119,0.98686,0.98707,1.12,1.00
2017.10.24 02:13:11.423,0.98688,0.98709,1.37,1.00
2017.10.24 02:13:13.334,0.98689,0.98708,1.12,1.00
2017.10.24 02:13:13.386,0.98689,0.9871,1.69,1.00
2017.10.24 02:13:13.892,0.98688,0.98709,1.69,1.00
2017.10.24 02:13:14.084,0.9869,0.98711,1.12,1.00
2017.10.24 02:13:14.591,0.9869,0.98712,1.37,1.00
2017.10.24 02:13:15.942,0.98692,0.98714,1.12,1.25
2017.10.24 02:13:15.994,0.98696,0.98716,1.00,1.87
2017.10.24 02:13:16.198,0.98694,0.98716,1.12,1.12
2017.10.24 02:13:16.249,0.98694,0.98714,1.12,1.00
2017.10.24 02:13:16.300,0.98694,0.98716,1.12,1.12
2017.10.24 02:13:16.622,0.98693,0.98712,1.50,1.50
2017.10.24 02:13:16.775,0.98691,0.98712,1.00,1.50
2017.10.24 02:13:17.429,0.98691,0.98712,1.50,1.00
2017.10.24 02:13:22.365,0.9869,0.98713,2.19,1.00
2017.10.24 02:13:23.014,0.98691,0.98712,1.81,1.00
2017.10.24 02:13:24.641,0.98692,0.98712,1.50,1.00
2017.10.24 02:13:26.681,0.98692,0.98713,1.50,1.00
2017.10.24 02:13:26.782,0.98694,0.98713,1.00,1.12
2017.10.24 02:13:28.771,0.98693,0.98715,1.37,1.00
2017.10.24 02:13:29.764,0.98693,0.98717,1.37,1.87
2017.10.24 02:13:29.917,0.98697,0.98717,1.00,1.37
2017.10.24 02:13:32.618,0.98699,0.98719,1.00,1.56
2017.10.24 02:13:32.669,0.98699,0.98719,1.00,1.19
2017.10.24 02:13:32.820,0.98701,0.98719,1.00,1.00
2017.10.24 02:13:32.922,0.98699,0.98719,1.00,1.00
2017.10.24 02:13:34.048,0.98699,0.9872,1.50,1.00
2017.10.24 02:13:34.150,0.98699,0.98722,1.00,1.31
2017.10.24 02:13:34.673,0.98699,0.98721,1.00,1.00
2017.10.24 02:13:37.347,0.98699,0.98721,1.50,1.69
2017.10.24 02:13:44.800,0.98698,0.98721,1.12,1.00
2017.10.24 02:13:46.609,0.98698,0.98722,1.12,2.06
2017.10.24 02:13:47.113,0.98698,0.98722,1.12,2.06
2017.10.24 02:13:47.700,0.98699,0.98721,1.00,2.44
2017.10.24 02:13:48.433,0.98699,0.98719,1.00,1.00
2017.10.24 02:13:48.813,0.98697,0.98719,1.50,1.50
2017.10.24 02:13:51.726,0.98696,0.9872,1.50,1.50
2017.10.24 02:13:51.828,0.987,0.9872,1.00,1.00
2017.10.24 02:13:52.137,0.98699,0.98722,1.37,1.69
2017.10.24 02:13:55.349,0.98699,0.98722,1.00,1.62
2017.10.24 02:13:55.574,0.98699,0.98723,1.12,1.69
2017.10.24 02:13:55.955,0.98698,0.9872,1.87,1.00
2017.10.24 02:13:56.479,0.98698,0.98721,1.00,1.50
2017.10.24 02:13:57.037,0.98697,0.98721,1.12,1.50
2017.10.24 02:13:58.076,0.98697,0.9872,2.25,1.00
2017.10.24 02:13:58.654,0.98697,0.98721,1.00,1.50
2017.10.24 02:14:03.138,0.98701,0.98721,1.00,1.50
2017.10.24 02:14:16.314,0.98701,0.9872,1.00,1.00
2017.10.24 02:14:16.865,0.98701,0.98721,1.00,1.00
2017.10.24 02:14:18.400,0.98701,0.98722,1.00,1.87
2017.10.24 02:14:23.752,0.98698,0.98722,2.62,1.87
2017.10.24 02:14:24.081,0.987,0.98722,1.00,1.87
2017.10.24 02:14:26.545,0.98701,0.98722,1.00,1.87
2017.10.24 02:14:29.589,0.98701,0.98723,1.00,1.00
2017.10.24 02:14:29.892,0.98703,0.98723,1.00,1.87
2017.10.24 02:14:30.847,0.98706,0.98728,1.00,2.44
2017.10.24 02:14:31.000,0.98708,0.98729,1.00,1.37
2017.10.24 02:14:31.202,0.98708,0.98731,1.00,2.62
2017.10.24 02:14:32.620,0.98707,0.98731,1.50,4.12
2017.10.24 02:14:33.053,0.98706,0.98728,1.00,1.00
2017.10.24 02:14:33.365,0.98708,0.9873,1.87,1.69
2017.10.24 02:14:33.905,0.98708,0.9873,1.87,1.31
2017.10.24 02:14:34.705,0.98711,0.9873,1.00,1.12
2017.10.24 02:14:35.109,0.98711,0.98732,1.00,1.25
2017.10.24 02:14:35.645,0.9871,0.98733,1.12,1.00
2017.10.24 02:14:36.622,0.9871,0.98729,1.12,1.00
2017.10.24 02:14:36.775,0.98711,0.98731,1.00,1.00
2017.10.24 02:14:38.916,0.9871,0.98731,1.12,1.00
2017.10.24 02:14:39.750,0.98711,0.98731,1.00,1.00
2017.10.24 02:14:40.435,0.98711,0.98732,1.00,1.00
2017.10.24 02:14:41.021,0.9871,0.98732,1.12,1.00
2017.10.24 02:14:43.383,0.98711,0.98732,1.00,1.00
2017.10.24 02:14:44.127,0.98711,0.9873,1.25,1.00
2017.10.24 02:14:44.547,0.98714,0.98732,1.00,1.00
2017.10.24 02:14:44.965,0.98716,0.98733,1.12,1.00
2017.10.24 02:14:46.086,0.98715,0.98735,1.87,1.00
2017.10.24 02:14:49.484,0.98715,0.98736,1.37,1.00
2017.10.24 02:14:49.535,0.98718,0.98737,1.31,1.00
2017.10.24 02:14:49.586,0.98719,0.9874,1.00,1.00
2017.10.24 02:14:49.638,0.9872,0.9874,4.31,1.00
2017.10.24 02:14:49.942,0.98724,0.98742,1.50,1.00
2017.10.24 02:14:55.564,0.98725,0.98743,1.12,1.00
2017.10.24 02:14:58.567,0.98725,0.98744,1.12,1.00
2017.10.24 02:14:59.176,0.98724,0.98744,1.25,1.00
2017.10.24 02:14:59.888,0.98723,0.98743,1.31,1.00
2017.10.24 02:15:04.970,0.98722,0.98743,2.06,1.00
2017.10.24 02:15:06.326,0.98722,0.98743,3.00,1.00
2017.10.24 02:15:09.067,0.98723,0.98744,1.44,1.00
2017.10.24 02:15:13.439,0.98724,0.98746,1.69,1.50
2017.10.24 02:15:14.431,0.98724,0.98744,1.25,1.00
2017.10.24 02:15:15.247,0.98724,0.98745,1.69,1.12
2017.10.24 02:15:24.474,0.98725,0.98745,1.00,1.12
2017.10.24 02:15:26.610,0.98724,0.98746,1.25,1.50
2017.10.24 02:15:39.764,0.98721,0.98743,2.44,1.00
2017.10.24 02:15:39.815,0.98722,0.98741,1.00,1.00
2017.10.24 02:15:39.866,0.9872,0.98742,1.00,2.44
2017.10.24 02:15:39.917,0.98717,0.9874,1.00,1.50
2017.10.24 02:15:39.968,0.98716,0.98737,1.12,1.00
2017.10.24 02:15:40.111,0.98713,0.98737,1.00,2.44
2017.10.24 02:15:40.741,0.98712,0.98735,1.00,1.00
2017.10.24 02:15:41.832,0.98713,0.98735,1.00,1.25
2017.10.24 02:15:42.391,0.98712,0.98735,1.00,1.00
2017.10.24 02:15:42.844,0.9871,0.98733,1.87,1.00
2017.10.24 02:15:43.147,0.98706,0.98728,1.12,1.12
2017.10.24 02:15:43.708,0.98705,0.98728,1.12,1.00
2017.10.24 02:15:44.245,0.98703,0.98722,1.75,1.00
2017.10.24 02:15:44.397,0.987,0.98722,1.25,1.25
2017.10.24 02:15:44.908,0.98699,0.98723,1.69,2.44
2017.10.24 02:15:45.475,0.987,0.98722,1.00,1.00
2017.10.24 02:15:46.434,0.98699,0.98723,2.44,1.69
2017.10.24 02:15:46.536,0.98699,0.9872,1.00,1.25
2017.10.24 02:15:46.688,0.98697,0.9872,1.50,1.25
2017.10.24 02:15:47.236,0.98697,0.98719,1.00,1.00
2017.10.24 02:15:48.830,0.98699,0.98721,1.00,1.12
2017.10.24 02:15:49.257,0.98701,0.98723,1.25,1.00
2017.10.24 02:15:49.884,0.98702,0.98723,1.00,1.00
2017.10.24 02:15:51.607,0.987,0.98723,1.50,1.50
2017.10.24 02:15:51.708,0.987,0.98722,1.00,1.37
2017.10.24 02:15:52.285,0.98699,0.98722,3.37,1.37
2017.10.24 02:15:52.815,0.98699,0.98723,2.44,1.50
2017.10.24 02:15:53.167,0.98703,0.9872,1.00,1.00
2017.10.24 02:15:53.319,0.98704,0.98726,1.00,1.00
2017.10.24 02:15:53.836,0.98703,0.98727,2.62,1.87
2017.10.24 02:15:54.212,0.98705,0.98726,1.00,1.12
2017.10.24 02:15:54.745,0.98704,0.98727,1.00,1.87
2017.10.24 02:15:57.833,0.98704,0.98726,1.00,2.44
2017.10.24 02:15:57.884,0.98704,0.98726,1.00,2.06
2017.10.24 02:15:58.187,0.98706,0.98727,1.00,1.50
2017.10.24 02:15:58.339,0.98706,0.98728,1.12,1.31
2017.10.24 02:15:58.797,0.98709,0.98731,1.50,2.00
2017.10.24 02:15:58.899,0.98711,0.98732,1.00,1.25
2017.10.24 02:15:59.522,0.98711,0.98732,1.00,2.06
2017.10.24 02:16:00.056,0.98709,0.98732,1.00,1.19
2017.10.24 02:16:00.561,0.98709,0.98732,1.50,1.69
2017.10.24 02:16:00.612,0.9871,0.98732,1.50,1.69
2017.10.24 02:16:02.955,0.9871,0.98732,1.50,2.44
2017.10.24 02:16:03.484,0.9871,0.98732,1.50,2.44
2017.10.24 02:16:04.153,0.98709,0.98732,1.00,1.50
2017.10.24 02:16:04.803,0.98709,0.98732,1.50,2.44
2017.10.24 02:16:08.117,0.98709,0.98732,1.00,1.69
2017.10.24 02:16:09.907,0.98709,0.98732,1.00,1.69
2017.10.24 02:16:10.423,0.98708,0.98732,1.50,1.19
2017.10.24 02:16:12.097,0.98707,0.9873,1.12,1.12
2017.10.24 02:16:12.598,0.98707,0.9873,1.12,1.69
2017.10.24 02:16:22.152,0.98707,0.98729,1.12,2.81
2017.10.24 02:16:23.713,0.98706,0.98729,1.50,1.12
2017.10.24 02:16:28.774,0.98706,0.9873,1.87,1.12
2017.10.24 02:16:29.381,0.98707,0.98729,1.00,1.25
2017.10.24 02:16:30.358,0.98706,0.9873,1.87,1.12
2017.10.24 02:16:32.395,0.98707,0.98729,1.00,1.00
2017.10.24 02:16:32.937,0.98706,0.9873,1.87,1.12
2017.10.24 02:16:34.386,0.98707,0.98729,1.50,1.00
2017.10.24 02:16:39.688,0.98707,0.9873,1.00,1.12
2017.10.24 02:16:41.149,0.98707,0.98729,1.50,1.25
2017.10.24 02:16:46.368,0.98707,0.9873,1.00,1.31
2017.10.24 02:16:46.888,0.98707,0.98729,1.50,1.25
2017.10.24 02:16:50.056,0.98708,0.98729,1.00,1.12
2017.10.24 02:16:51.777,0.98706,0.9873,1.37,1.37
2017.10.24 02:16:57.457,0.98708,0.98731,1.12,1.31
2017.10.24 02:16:57.675,0.98711,0.98731,1.00,1.31
2017.10.24 02:16:59.680,0.9871,0.98732,1.00,1.87
2017.10.24 02:16:59.832,0.98711,0.98733,2.06,1.50
2017.10.24 02:17:00.410,0.98712,0.98737,1.50,3.94
2017.10.24 02:17:00.622,0.98712,0.98737,1.87,2.81
2017.10.24 02:17:01.181,0.98713,0.98736,1.00,1.69
2017.10.24 02:17:02.923,0.98712,0.98737,1.12,3.19
2017.10.24 02:17:03.024,0.98711,0.98733,1.50,1.00
2017.10.24 02:17:03.075,0.9871,0.98733,1.00,1.50
2017.10.24 02:17:03.601,0.98711,0.98732,2.44,1.00
2017.10.24 02:17:03.652,0.98714,0.98732,1.00,1.00
2017.10.24 02:17:04.443,0.98713,0.98733,1.00,1.50
2017.10.24 02:17:05.016,0.98714,0.98732,1.00,1.00
2017.10.24 02:17:05.569,0.98713,0.98732,1.00,1.00
2017.10.24 02:17:06.648,0.98711,0.98733,1.50,1.50
2017.10.24 02:17:07.188,0.98711,0.98732,1.50,1.00
2017.10.24 02:17:07.728,0.98711,0.98733,1.50,1.50
2017.10.24 02:17:08.287,0.98712,0.98732,1.00,1.00
2017.10.24 02:17:08.877,0.98711,0.98733,1.00,1.69
2017.10.24 02:17:10.497,0.98712,0.98733,1.00,1.69
2017.10.24 02:17:11.059,0.98713,0.98734,1.00,2.06
2017.10.24 02:17:11.604,0.98712,0.98734,1.87,2.06
2017.10.24 02:17:13.168,0.98712,0.98732,1.00,1.12
2017.10.24 02:17:13.819,0.98711,0.98732,1.00,1.12
2017.10.24 02:17:16.491,0.98712,0.98734,1.00,2.25
2017.10.24 02:17:16.593,0.98715,0.98736,1.00,1.37
2017.10.24 02:17:16.854,0.98713,0.98735,1.25,1.12
2017.10.24 02:17:17.124,0.98715,0.98735,1.00,1.12
2017.10.24 02:17:17.459,0.98715,0.98734,1.00,1.37
2017.10.24 02:17:17.829,0.98716,0.98735,1.00,1.12
2017.10.24 02:17:19.502,0.98718,0.98735,1.00,1.12
2017.10.24 02:17:25.437,0.98715,0.9873,1.00,1.00
2017.10.24 02:17:25.488,0.98713,0.98731,1.50,1.00
2017.10.24 02:17:25.590,0.98711,0.98729,1.00,1.00
2017.10.24 02:17:25.641,0.98709,0.98728,1.00,1.00
2017.10.24 02:17:26.081,0.98712,0.98732,1.00,2.25
2017.10.24 02:17:26.587,0.98712,0.98731,1.00,1.12
2017.10.24 02:17:30.490,0.98712,0.98732,1.00,1.87
2017.10.24 02:17:32.791,0.98712,0.98732,1.00,2.06
2017.10.24 02:17:39.820,0.98709,0.98731,1.12,1.25
2017.10.24 02:17:42.546,0.98709,0.98732,1.12,2.06
2017.10.24 02:17:43.067,0.98709,0.98731,1.12,1.25
2017.10.24 02:17:45.575,0.98709,0.98732,1.12,2.06
2017.10.24 02:17:48.492,0.98708,0.98731,1.50,1.00
2017.10.24 02:17:49.103,0.98708,0.98733,1.50,2.44
2017.10.24 02:17:52.340,0.9871,0.98732,1.00,1.25
2017.10.24 02:17:52.391,0.98708,0.98732,1.00,1.25
2017.10.24 02:17:52.543,0.98708,0.98728,1.00,1.00
2017.10.24 02:17:53.087,0.98707,0.98728,1.00,1.00
2017.10.24 02:17:53.433,0.98712,0.98728,1.00,1.00
2017.10.24 02:17:53.484,0.98707,0.98727,1.69,1.00
2017.10.24 02:17:54.356,0.98706,0.98727,1.25,1.00
2017.10.24 02:17:56.161,0.98708,0.98728,1.00,1.00
2017.10.24 02:18:00.079,0.98707,0.98728,1.25,1.50
2017.10.24 02:18:00.593,0.98706,0.98727,2.81,1.00
2017.10.24 02:18:01.076,0.98708,0.98729,1.69,1.00
2017.10.24 02:18:01.581,0.98706,0.98728,1.50,1.87
2017.10.24 02:18:02.065,0.98712,0.98729,1.00,1.50
2017.10.24 02:18:04.912,0.98714,0.9873,1.00,1.75
2017.10.24 02:18:05.014,0.98715,0.98731,1.00,1.00
2017.10.24 02:18:05.745,0.98715,0.98732,1.00,1.00
2017.10.24 02:18:06.307,0.98716,0.98732,1.00,1.00
2017.10.24 02:18:06.836,0.98716,0.98731,1.00,1.00
2017.10.24 02:18:08.657,0.98716,0.98732,1.00,1.00
2017.10.24 02:18:08.759,0.98718,0.98732,1.00,1.87
2017.10.24 02:18:12.780,0.98719,0.98731,1.00,1.37
2017.10.24 02:18:16.534,0.98717,0.98731,1.00,1.37
2017.10.24 02:18:18.710,0.98718,0.98735,1.00,1.50
2017.10.24 02:18:18.761,0.98721,0.98737,1.00,1.75
2017.10.24 02:18:18.812,0.98721,0.98737,1.00,1.12
2017.10.24 02:18:19.319,0.9872,0.98736,1.00,1.00
2017.10.24 02:18:20.891,0.98719,0.98732,1.00,1.00
2017.10.24 02:18:21.203,0.98723,0.98735,1.00,1.37
2017.10.24 02:18:23.146,0.9872,0.98735,1.00,1.37
2017.10.24 02:18:23.197,0.98722,0.98735,1.00,1.37
2017.10.24 02:18:29.082,0.98723,0.98734,1.00,1.12
2017.10.24 02:18:29.133,0.98723,0.98738,1.00,1.12
2017.10.24 02:18:34.051,0.98722,0.98738,1.00,1.12
2017.10.24 02:18:42.344,0.98721,0.98737,1.00,1.00
2017.10.24 02:18:42.446,0.98719,0.98736,1.00,1.00
2017.10.24 02:18:42.975,0.98723,0.98737,1.00,1.00
2017.10.24 02:18:43.404,0.98721,0.98738,1.00,1.12
2017.10.24 02:18:43.505,0.98724,0.98738,1.00,1.12
2017.10.24 02:18:43.972,0.98724,0.9874,1.00,1.87
2017.10.24 02:18:47.748,0.98725,0.9874,1.00,1.12
2017.10.24 02:18:48.337,0.98725,0.98741,1.00,1.12
2017.10.24 02:18:51.388,0.98726,0.98741,1.00,1.12
2017.10.24 02:18:56.509,0.98725,0.98742,1.00,1.50
2017.10.24 02:18:56.561,0.98722,0.9874,1.00,1.50
2017.10.24 02:18:57.090,0.98722,0.98739,1.00,1.00
2017.10.24 02:18:57.706,0.98722,0.9874,1.00,1.50
2017.10.24 02:18:58.463,0.98722,0.98739,1.00,1.00
2017.10.24 02:18:58.565,0.98722,0.98741,1.00,1.12
2017.10.24 02:18:59.590,0.98724,0.98742,1.00,1.50
2017.10.24 02:18:59.894,0.98726,0.98743,1.00,1.12
2017.10.24 02:19:00.177,0.98723,0.98743,1.00,1.12
2017.10.24 02:19:01.091,0.98724,0.98744,1.00,1.87
2017.10.24 02:19:01.142,0.98725,0.98742,1.00,1.00
2017.10.24 02:19:01.858,0.98724,0.98742,1.00,1.00
2017.10.24 02:19:02.425,0.98724,0.98743,1.00,1.50
2017.10.24 02:19:05.203,0.9872,0.98743,1.00,2.25
2017.10.24 02:19:05.728,0.98719,0.98743,1.69,2.25
2017.10.24 02:19:06.769,0.9872,0.98742,1.25,1.00
2017.10.24 02:19:16.583,0.98719,0.98742,2.44,1.50
2017.10.24 02:19:19.375,0.98719,0.98742,1.19,1.00
2017.10.24 02:19:19.426,0.98718,0.9874,2.06,1.00
2017.10.24 02:19:19.477,0.98718,0.98742,2.06,1.00
2017.10.24 02:19:22.926,0.98718,0.98742,2.81,1.00
2017.10.24 02:19:23.911,0.98719,0.98742,1.31,1.50
2017.10.24 02:19:36.177,0.98719,0.98742,1.31,1.50
2017.10.24 02:19:50.815,0.9872,0.98741,1.25,1.00
2017.10.24 02:20:00.849,0.9872,0.98742,1.25,1.87
2017.10.24 02:20:01.052,0.98724,0.98743,1.00,1.37
2017.10.24 02:20:01.103,0.9872,0.98743,2.25,1.87
2017.10.24 02:20:01.391,0.98722,0.98744,1.87,1.00
2017.10.24 02:20:01.547,0.98722,0.98747,1.87,1.31
2017.10.24 02:20:02.242,0.98725,0.98746,1.19,1.00
2017.10.24 02:20:02.395,0.98729,0.98752,1.50,1.94
2017.10.24 02:20:02.570,0.98729,0.98752,1.37,1.00
2017.10.24 02:20:02.621,0.98728,0.98753,1.31,2.00
2017.10.24 02:20:04.439,0.98729,0.98752,1.31,1.12
2017.10.24 02:20:05.481,0.98729,0.98753,1.00,1.50
2017.10.24 02:20:06.182,0.98729,0.9875,1.00,1.00
2017.10.24 02:20:06.486,0.98726,0.98747,1.31,1.00
2017.10.24 02:20:06.802,0.98728,0.98751,1.00,1.75
2017.10.24 02:20:06.903,0.98728,0.98751,1.37,1.50
2017.10.24 02:20:08.315,0.9873,0.98752,1.00,2.06
2017.10.24 02:20:12.111,0.98732,0.98753,1.00,1.50
2017.10.24 02:20:20.476,0.98731,0.98754,1.00,1.87
2017.10.24 02:20:20.780,0.98727,0.98749,1.25,1.12
2017.10.24 02:20:21.289,0.98729,0.98749,1.00,1.37
2017.10.24 02:20:21.340,0.9873,0.98753,1.00,2.62
2017.10.24 02:20:21.441,0.9873,0.98753,1.12,2.62
2017.10.24 02:20:24.078,0.98731,0.98755,1.87,1.87
2017.10.24 02:20:24.614,0.98731,0.98752,1.25,1.00
2017.10.24 02:20:25.378,0.9873,0.98752,1.25,1.00
2017.10.24 02:20:28.430,0.98727,0.9875,2.25,1.12
2017.10.24 02:20:28.785,0.9873,0.98751,1.00,1.50
2017.10.24 02:20:28.886,0.9873,0.98753,1.12,1.31
2017.10.24 02:20:29.694,0.98728,0.9875,2.25,1.00
2017.10.24 02:20:29.745,0.98727,0.98751,3.75,1.37
2017.10.24 02:20:33.712,0.98731,0.98753,1.00,2.00
2017.10.24 02:20:33.865,0.98731,0.98753,1.00,1.25
2017.10.24 02:20:34.182,0.98736,0.98753,1.00,1.25
2017.10.24 02:20:35.465,0.98734,0.98753,1.00,1.25
2017.10.24 02:20:35.567,0.98733,0.98751,1.00,1.31
2017.10.24 02:20:36.116,0.98735,0.98751,1.00,1.12
2017.10.24 02:20:37.990,0.98736,0.98751,1.00,1.12
2017.10.24 02:20:38.654,0.98735,0.98751,1.00,1.12
2017.10.24 02:20:39.363,0.98736,0.98751,1.00,1.12
2017.10.24 02:20:40.866,0.98734,0.98751,1.00,1.12
2017.10.24 02:20:40.917,0.98731,0.98751,1.50,1.31
2017.10.24 02:20:41.171,0.9873,0.98748,1.00,1.12
2017.10.24 02:20:44.818,0.98728,0.98748,1.00,1.31
2017.10.24 02:20:48.330,0.98731,0.98748,1.00,1.12
2017.10.24 02:20:53.112,0.98731,0.98751,1.00,1.31
2017.10.24 02:20:53.163,0.98728,0.9875,1.87,1.00
2017.10.24 02:20:53.214,0.98727,0.98746,1.50,1.25
2017.10.24 02:20:53.517,0.98726,0.98745,1.00,1.37
2017.10.24 02:20:53.720,0.98724,0.98744,1.00,1.12
2017.10.24 02:20:54.261,0.98725,0.98743,1.00,1.00
2017.10.24 02:20:54.452,0.98723,0.98744,1.00,1.50
2017.10.24 02:20:54.654,0.98723,0.98741,1.00,1.00
2017.10.24 02:20:55.281,0.98723,0.98744,1.00,1.19
2017.10.24 02:20:59.346,0.98724,0.98744,1.00,1.19
2017.10.24 02:20:59.634,0.98722,0.98745,1.00,2.44
2017.10.24 02:21:00.138,0.98724,0.98745,1.00,1.19
2017.10.24 02:21:02.548,0.98723,0.98746,1.12,1.69
2017.10.24 02:21:02.852,0.98725,0.98746,1.12,1.19
2017.10.24 02:21:08.582,0.98724,0.98746,2.25,1.19
2017.10.24 02:21:08.734,0.98722,0.98746,1.37,1.50
2017.10.24 02:21:09.264,0.98723,0.98746,1.12,1.50
2017.10.24 02:21:09.854,0.98722,0.98746,1.37,1.50
2017.10.24 02:21:12.416,0.98721,0.98744,1.50,1.31
2017.10.24 02:21:16.891,0.98725,0.98745,1.00,1.37
2017.10.24 02:21:16.942,0.98725,0.98747,1.50,2.44
2017.10.24 02:21:17.145,0.98726,0.98748,1.37,1.31
2017.10.24 02:21:17.674,0.98726,0.9875,2.25,2.44
2017.10.24 02:21:19.903,0.98729,0.98749,1.00,1.31
2017.10.24 02:21:20.207,0.98732,0.98751,1.00,2.06
2017.10.24 02:21:20.747,0.98732,0.98751,1.00,2.25
2017.10.24 02:21:34.413,0.98731,0.98751,1.00,2.06
2017.10.24 02:21:39.433,0.98729,0.9875,1.00,1.69
2017.10.24 02:21:42.967,0.98729,0.9875,1.00,1.31
2017.10.24 02:21:43.069,0.98727,0.98749,1.50,1.87
2017.10.24 02:21:44.614,0.98726,0.98748,1.50,1.19
2017.10.24 02:21:44.888,0.98724,0.98746,1.00,2.44
2017.10.24 02:21:45.437,0.98725,0.98745,1.00,1.31
2017.10.24 02:21:45.804,0.98722,0.98745,1.00,1.69
2017.10.24 02:21:46.956,0.98721,0.98745,1.50,1.69
2017.10.24 02:21:47.008,0.98718,0.9874,1.75,1.31
2017.10.24 02:21:47.119,0.98717,0.9874,1.87,1.69
2017.10.24 02:21:47.170,0.9872,0.98741,1.00,1.56
2017.10.24 02:21:48.438,0.98722,0.9874,1.00,1.12
2017.10.24 02:21:48.591,0.98722,0.98742,1.00,1.50
2017.10.24 02:21:49.388,0.98722,0.98743,1.00,1.25
2017.10.24 02:21:52.281,0.98721,0.98743,1.87,1.12
2017.10.24 02:21:52.332,0.98721,0.98741,1.12,1.00
2017.10.24 02:21:52.950,0.98719,0.98741,1.00,1.12
2017.10.24 02:21:53.240,0.98721,0.98743,1.00,2.44
2017.10.24 02:21:53.342,0.98721,0.98743,1.50,1.25
2017.10.24 02:21:54.672,0.98725,0.98744,1.00,1.00
2017.10.24 02:21:55.174,0.98725,0.98746,1.00,1.44
2017.10.24 02:21:58.491,0.98727,0.98746,1.00,1.87
2017.10.24 02:21:58.541,0.98727,0.98747,1.00,1.87
2017.10.24 02:21:59.157,0.98728,0.98747,1.00,1.87
2017.10.24 02:21:59.911,0.98727,0.98747,1.00,1.87
2017.10.24 02:22:00.457,0.98727,0.98749,1.00,1.50
2017.10.24 02:22:02.564,0.98726,0.98749,1.12,1.50
2017.10.24 02:22:03.531,0.98725,0.98744,1.00,1.25
2017.10.24 02:22:03.683,0.98721,0.98745,1.12,2.44
2017.10.24 02:22:03.734,0.98723,0.98746,1.00,1.75
2017.10.24 02:22:03.836,0.98724,0.98746,1.00,1.25
2017.10.24 02:22:04.140,0.98725,0.98748,1.50,1.25
2017.10.24 02:22:04.543,0.98726,0.98748,1.00,1.19
2017.10.24 02:22:05.322,0.98725,0.98749,1.50,1.69
2017.10.24 02:22:08.518,0.98725,0.98748,2.25,1.19
2017.10.24 02:22:08.823,0.98721,0.98743,1.87,1.31
2017.10.24 02:22:10.072,0.98723,0.98742,1.00,1.00
2017.10.24 02:22:10.401,0.98721,0.98741,1.00,1.50
2017.10.24 02:22:10.748,0.98723,0.9874,1.00,1.12
2017.10.24 02:22:11.459,0.98724,0.9874,1.00,1.12
2017.10.24 02:22:11.662,0.98725,0.98743,1.00,1.12
2017.10.24 02:22:11.865,0.98726,0.98745,1.00,1.25
2017.10.24 02:22:13.666,0.98724,0.98742,1.12,1.00
2017.10.24 02:22:14.183,0.98723,0.98742,1.00,1.12
2017.10.24 02:22:14.725,0.98722,0.98742,1.00,1.12
2017.10.24 02:22:16.565,0.98717,0.98734,1.00,1.37
2017.10.24 02:22:16.616,0.98714,0.98731,1.00,1.25
2017.10.24 02:22:16.667,0.98711,0.9873,1.00,1.12
2017.10.24 02:22:16.795,0.98709,0.98731,1.00,2.25
2017.10.24 02:22:17.164,0.98711,0.98732,1.00,2.81
2017.10.24 02:22:17.266,0.98711,0.98733,1.00,2.62
2017.10.24 02:22:17.800,0.98711,0.98732,1.00,1.00
2017.10.24 02:22:19.079,0.98711,0.98733,1.00,2.62
2017.10.24 02:22:19.582,0.98712,0.98734,1.87,1.25
2017.10.24 02:22:19.818,0.98716,0.98734,1.00,1.12
2017.10.24 02:22:19.869,0.98713,0.98734,1.12,2.81
2017.10.24 02:22:24.249,0.9871,0.98734,1.75,3.19
2017.10.24 02:22:24.452,0.98709,0.98732,1.50,1.31
2017.10.24 02:22:24.857,0.98708,0.98731,1.37,2.44
2017.10.24 02:22:24.909,0.98708,0.98729,1.00,1.00
2017.10.24 02:22:24.960,0.98707,0.98727,2.25,1.00
2017.10.24 02:22:25.272,0.98706,0.98725,1.00,1.37
2017.10.24 02:22:25.425,0.98702,0.98725,3.37,1.12
2017.10.24 02:22:25.679,0.98706,0.98728,1.12,2.06
2017.10.24 02:22:26.341,0.98703,0.98727,1.75,1.25
2017.10.24 02:22:26.391,0.98703,0.98725,1.87,1.00
2017.10.24 02:22:26.493,0.987,0.98724,3.37,1.12
2017.10.24 02:22:28.041,0.98705,0.98726,1.00,2.06
2017.10.24 02:22:28.358,0.98709,0.98728,1.00,1.25
2017.10.24 02:22:28.665,0.98707,0.98728,1.00,1.25
2017.10.24 02:22:29.025,0.9871,0.98728,1.00,1.25
2017.10.24 02:22:29.458,0.98712,0.9873,1.00,1.12
2017.10.24 02:22:29.610,0.9871,0.9873,1.00,1.69
2017.10.24 02:22:29.864,0.98708,0.98726,1.00,1.00
2017.10.24 02:22:29.915,0.98706,0.98726,1.00,1.00
2017.10.24 02:22:30.370,0.98708,0.98728,1.00,1.69
2017.10.24 02:22:31.063,0.98708,0.98728,1.00,1.31
2017.10.24 02:22:31.834,0.98707,0.98728,1.00,1.31
2017.10.24 02:22:32.882,0.98707,0.98727,1.00,1.31
2017.10.24 02:22:38.050,0.98707,0.98727,1.00,1.31
2017.10.24 02:22:38.572,0.98707,0.98728,1.00,2.44
2017.10.24 02:22:39.079,0.98708,0.98727,1.00,1.31
2017.10.24 02:22:39.866,0.98705,0.98727,1.00,3.75
2017.10.24 02:22:40.119,0.98703,0.98727,2.25,2.06
2017.10.24 02:22:42.198,0.98704,0.98727,1.50,2.06
2017.10.24 02:22:42.350,0.98704,0.98721,1.00,1.00
2017.10.24 02:22:42.503,0.98703,0.98726,1.00,2.81
2017.10.24 02:22:42.662,0.98703,0.98721,1.00,1.00
2017.10.24 02:22:43.233,0.98702,0.98721,1.00,1.00
2017.10.24 02:22:52.187,0.98702,0.98726,1.00,2.44
2017.10.24 02:22:52.593,0.98704,0.98726,1.00,2.06
2017.10.24 02:22:53.106,0.98702,0.98726,1.50,1.19
2017.10.24 02:22:53.412,0.98699,0.98718,1.00,1.00
2017.10.24 02:22:53.615,0.98694,0.98716,1.00,1.12
2017.10.24 02:22:54.185,0.98693,0.98717,1.87,2.25
2017.10.24 02:22:54.819,0.98694,0.98717,1.12,2.44
2017.10.24 02:22:55.315,0.98696,0.98718,1.00,1.25
2017.10.24 02:22:55.823,0.98698,0.98718,1.00,1.00
2017.10.24 02:22:56.354,0.98697,0.98719,2.62,1.31
2017.10.24 02:22:56.662,0.98695,0.98716,1.00,2.44
2017.10.24 02:22:58.430,0.98692,0.98715,2.06,1.31
2017.10.24 02:23:00.155,0.98695,0.98716,1.00,2.06
2017.10.24 02:23:00.973,0.98696,0.98716,1.00,1.25
2017.10.24 02:23:02.624,0.98696,0.98718,1.12,2.25
2017.10.24 02:23:02.675,0.98698,0.98719,1.50,1.00
2017.10.24 02:23:02.928,0.98698,0.98721,1.12,1.25
2017.10.24 02:23:03.030,0.987,0.98721,1.00,1.25
2017.10.24 02:23:07.565,0.98698,0.98721,1.87,1.25
2017.10.24 02:23:12.007,0.98698,0.98722,1.12,1.31
2017.10.24 02:23:12.545,0.98698,0.98721,1.87,1.25
2017.10.24 02:23:15.145,0.98698,0.9872,1.12,1.00
2017.10.24 02:23:17.201,0.98698,0.98722,1.12,2.06
2017.10.24 02:23:17.390,0.98698,0.98721,1.50,1.69
2017.10.24 02:23:18.854,0.98697,0.98721,1.12,2.25
2017.10.24 02:23:19.385,0.98698,0.98721,1.00,3.19
2017.10.24 02:23:21.274,0.98697,0.98721,1.87,1.50
2017.10.24 02:23:23.645,0.98697,0.98719,2.06,1.00
2017.10.24 02:23:24.810,0.98697,0.9872,1.87,1.12
2017.10.24 02:23:25.428,0.98698,0.98722,1.00,2.44
2017.10.24 02:23:26.679,0.98697,0.9872,1.87,1.12
2017.10.24 02:23:27.083,0.98697,0.98718,1.00,1.00
2017.10.24 02:23:27.185,0.98695,0.98717,1.12,1.00
2017.10.24 02:23:27.236,0.98696,0.9872,1.00,3.75
2017.10.24 02:23:27.287,0.98694,0.98717,2.25,1.50
2017.10.24 02:23:27.811,0.98694,0.98717,1.31,1.12
2017.10.24 02:23:28.760,0.98696,0.98718,1.00,1.37
2017.10.24 02:23:29.412,0.98696,0.98718,1.00,1.00
2017.10.24 02:23:30.027,0.98695,0.98713,1.00,1.00
2017.10.24 02:23:30.231,0.98693,0.98714,1.00,1.19
2017.10.24 02:23:30.515,0.98693,0.98715,1.12,1.19
2017.10.24 02:23:31.029,0.98693,0.98715,1.50,1.00
2017.10.24 02:23:31.651,0.98693,0.98714,1.50,1.00
2017.10.24 02:23:32.069,0.98694,0.98716,1.12,1.00
2017.10.24 02:23:32.587,0.98695,0.98718,1.00,2.81
2017.10.24 02:23:32.689,0.98692,0.98716,1.12,1.69
2017.10.24 02:23:32.790,0.98689,0.98711,2.81,1.12
2017.10.24 02:23:33.742,0.9869,0.98712,1.00,1.50
2017.10.24 02:23:34.064,0.98692,0.98712,1.00,1.50
2017.10.24 02:23:34.510,0.98692,0.98714,1.00,2.06
2017.10.24 02:23:35.660,0.98691,0.98714,1.00,2.06
2017.10.24 02:23:37.290,0.98693,0.98714,1.00,2.06
2017.10.24 02:23:37.857,0.98692,0.98713,1.00,1.25
2017.10.24 02:23:41.846,0.98693,0.98714,1.00,2.06
2017.10.24 02:23:44.105,0.98693,0.98713,1.00,1.69
2017.10.24 02:23:44.607,0.98693,0.98713,1.00,1.69
2017.10.24 02:23:44.954,0.98693,0.98713,1.00,1.69
2017.10.24 02:23:46.045,0.98691,0.98713,1.00,1.69
2017.10.24 02:23:46.268,0.9869,0.98713,1.12,1.25
2017.10.24 02:23:47.423,0.98693,0.98714,1.00,1.31
2017.10.24 02:23:47.930,0.98692,0.98716,1.00,2.44
2017.10.24 02:23:48.478,0.98692,0.98715,1.50,1.19
2017.10.24 02:23:48.782,0.98694,0.98715,1.00,1.25
2017.10.24 02:23:49.113,0.98697,0.9872,1.12,1.69
2017.10.24 02:23:49.646,0.98696,0.98721,1.50,2.81
2017.10.24 02:23:52.773,0.98697,0.9872,1.12,3.19
2017.10.24 02:23:53.077,0.98695,0.98714,1.12,1.00
2017.10.24 02:23:53.607,0.98694,0.98715,2.25,1.00
2017.10.24 02:23:54.459,0.98695,0.98718,1.87,1.31
2017.10.24 02:23:55.917,0.98695,0.98717,1.12,1.25
2017.10.24 02:23:56.261,0.98692,0.98717,2.25,3.00
2017.10.24 02:23:56.449,0.98693,0.98716,1.00,2.62
2017.10.24 02:23:56.757,0.98695,0.98713,1.37,1.00
2017.10.24 02:23:57.091,0.98694,0.98711,1.12,1.00
2017.10.24 02:23:57.340,0.98694,0.98713,1.12,1.00
2017.10.24 02:23:57.645,0.98693,0.98715,1.50,1.00
2017.10.24 02:23:59.762,0.98693,0.98717,1.50,1.12
2017.10.24 02:24:00.186,0.98694,0.98715,1.87,1.00
2017.10.24 02:24:00.288,0.98696,0.98718,1.12,2.81
2017.10.24 02:24:00.490,0.98697,0.98715,1.00,1.00
2017.10.24 02:24:01.072,0.98697,0.98717,1.12,1.00
2017.10.24 02:24:01.173,0.98699,0.98719,1.12,1.00
2017.10.24 02:24:01.521,0.98702,0.98719,1.12,1.00
2017.10.24 02:24:01.844,0.98702,0.98723,1.12,1.00
2017.10.24 02:24:02.047,0.987,0.98722,1.00,1.25
2017.10.24 02:24:02.098,0.98698,0.9872,1.87,1.00
2017.10.24 02:24:02.462,0.98699,0.98724,2.25,3.37
2017.10.24 02:24:03.949,0.98698,0.9872,2.62,1.12
2017.10.24 02:24:04.397,0.98699,0.98722,1.12,1.31
2017.10.24 02:24:04.924,0.98699,0.9872,1.00,1.12
2017.10.24 02:24:05.440,0.987,0.9872,1.00,1.12
2017.10.24 02:24:06.680,0.98701,0.98723,1.00,1.25
2017.10.24 02:24:07.185,0.987,0.98724,1.00,2.25
2017.10.24 02:24:08.620,0.987,0.98722,1.00,1.44
2017.10.24 02:24:08.671,0.98698,0.98721,1.12,1.87
2017.10.24 02:24:09.354,0.98698,0.9872,1.12,1.31
2017.10.24 02:24:09.556,0.987,0.98722,1.00,1.19
2017.10.24 02:24:10.077,0.987,0.98722,1.00,1.19
2017.10.24 02:24:11.641,0.98701,0.98723,1.00,1.69
2017.10.24 02:24:12.021,0.98704,0.98723,1.00,1.50
2017.10.24 02:24:12.532,0.98703,0.98725,1.00,1.87
2017.10.24 02:24:12.871,0.98705,0.98725,1.00,2.62
2017.10.24 02:24:13.176,0.98703,0.98723,1.00,1.69
2017.10.24 02:24:13.870,0.98702,0.98723,1.00,1.69
2017.10.24 02:24:17.301,0.98705,0.98725,1.00,2.44
2017.10.24 02:24:17.403,0.98705,0.98725,1.00,1.50
2017.10.24 02:24:18.681,0.98703,0.98724,1.00,1.31
2017.10.24 02:24:18.972,0.98703,0.98722,1.00,1.37
2017.10.24 02:24:19.175,0.98702,0.98724,1.00,1.50
2017.10.24 02:24:19.683,0.98702,0.98723,1.00,1.19
2017.10.24 02:24:20.026,0.98701,0.9872,1.00,1.25
2017.10.24 02:24:20.528,0.98702,0.9872,1.00,1.25
2017.10.24 02:24:21.191,0.98704,0.98722,1.00,1.25
2017.10.24 02:24:22.342,0.98704,0.98722,1.00,1.19
2017.10.24 02:24:22.393,0.98702,0.98722,1.00,1.19
2017.10.24 02:24:22.907,0.98701,0.98721,1.00,1.19
2017.10.24 02:24:24.874,0.98702,0.98721,1.00,1.19
2017.10.24 02:24:25.872,0.987,0.98721,1.00,1.19
2017.10.24 02:24:27.859,0.987,0.98723,1.00,2.25
2017.10.24 02:24:27.910,0.98703,0.98723,1.00,1.44
2017.10.24 02:24:28.232,0.98705,0.98723,1.00,1.50
2017.10.24 02:24:28.384,0.98702,0.98723,1.00,2.44
2017.10.24 02:24:28.941,0.98703,0.98723,1.00,2.62
2017.10.24 02:24:29.316,0.98704,0.98726,1.00,1.87
2017.10.24 02:24:30.218,0.98706,0.98726,1.00,1.87
2017.10.24 02:24:30.585,0.98709,0.98725,1.00,1.00
2017.10.24 02:24:30.686,0.98709,0.98727,1.00,1.12
2017.10.24 02:24:31.407,0.98709,0.98726,1.00,1.00
2017.10.24 02:24:32.206,0.98709,0.98727,1.00,2.06
2017.10.24 02:24:32.553,0.98707,0.98727,1.00,1.31
2017.10.24 02:24:33.580,0.98702,0.98725,1.50,1.75
2017.10.24 02:24:33.631,0.98702,0.98725,1.12,1.81
2017.10.24 02:24:33.833,0.987,0.98723,1.00,1.31
2017.10.24 02:24:34.373,0.98701,0.98723,1.00,1.69
2017.10.24 02:24:34.999,0.98702,0.98723,1.00,1.69
2017.10.24 02:24:35.190,0.98705,0.98723,1.00,1.12
2017.10.24 02:24:35.797,0.98705,0.98726,1.00,3.37
2017.10.24 02:24:44.645,0.98701,0.98721,1.12,1.25
2017.10.24 02:24:45.189,0.98701,0.9872,1.00,1.31
2017.10.24 02:24:45.696,0.98702,0.9872,1.00,1.12
2017.10.24 02:24:45.747,0.98704,0.98723,1.00,2.44
2017.10.24 02:24:46.286,0.98705,0.98721,1.00,1.00
2017.10.24 02:24:46.808,0.98705,0.98722,1.00,1.87
2017.10.24 02:24:47.577,0.98705,0.98721,1.00,1.00
2017.10.24 02:24:48.336,0.98705,0.98722,1.00,1.12
2017.10.24 02:24:48.437,0.98702,0.98721,1.00,1.31
2017.10.24 02:24:51.170,0.98702,0.98721,1.00,1.31
2017.10.24 02:24:52.088,0.98702,0.98722,1.00,2.25
2017.10.24 02:24:52.240,0.98704,0.98723,1.00,1.44
2017.10.24 02:24:52.595,0.98702,0.98724,1.00,1.69
2017.10.24 02:24:53.188,0.98702,0.98723,1.00,1.19
2017.10.24 02:24:57.942,0.98702,0.9872,1.00,1.12
2017.10.24 02:24:58.044,0.987,0.98721,1.00,1.50
2017.10.24 02:24:58.943,0.987,0.98719,1.00,1.00
2017.10.24 02:24:59.450,0.987,0.98718,1.00,1.00
2017.10.24 02:25:00.039,0.987,0.98719,1.00,1.00
2017.10.24 02:25:00.548,0.987,0.98718,1.00,1.00
2017.10.24 02:25:01.260,0.987,0.98719,1.00,1.00
2017.10.24 02:25:01.870,0.987,0.98718,1.00,1.00
2017.10.24 02:25:02.371,0.987,0.98719,1.00,1.00
2017.10.24 02:25:04.695,0.987,0.98718,1.00,1.00
2017.10.24 02:25:05.501,0.98699,0.98719,1.00,2.44
2017.10.24 02:25:07.075,0.98699,0.98718,1.00,1.25
2017.10.24 02:25:08.983,0.98698,0.98718,1.00,1.25
2017.10.24 02:25:11.317,0.98696,0.98718,1.00,1.25
2017.10.24 02:25:12.002,0.98696,0.98718,1.50,1.25
2017.10.24 02:25:17.313,0.98693,0.98715,1.50,1.00
2017.10.24 02:25:17.414,0.98692,0.98715,2.44,1.00
2017.10.24 02:25:19.265,0.98693,0.98716,1.00,1.87
2017.10.24 02:25:19.776,0.98694,0.98715,1.00,1.00
2017.10.24 02:25:23.360,0.98694,0.98715,1.31,1.00
2017.10.24 02:25:23.784,0.98694,0.98717,2.81,1.25
2017.10.24 02:25:24.981,0.98694,0.98718,2.44,1.50
2017.10.24 02:25:25.558,0.98694,0.98717,4.50,1.00
2017.10.24 02:25:25.950,0.98694,0.98712,1.00,1.00
2017.10.24 02:25:26.001,0.9869,0.98712,1.00,1.00
2017.10.24 02:25:26.835,0.9869,0.98712,1.50,1.00
2017.10.24 02:25:26.987,0.98691,0.98714,2.06,1.00
2017.10.24 02:25:27.266,0.98694,0.98714,1.00,1.00
2017.10.24 02:25:27.418,0.98691,0.98715,2.44,1.00
2017.10.24 02:25:28.032,0.98691,0.98714,2.44,1.00
2017.10.24 02:25:28.603,0.98691,0.98715,1.50,1.00
2017.10.24 02:25:28.755,0.98694,0.98716,1.00,1.69
2017.10.24 02:25:30.314,0.98694,0.98716,1.87,1.31
2017.10.24 02:25:30.487,0.98691,0.98716,1.37,1.62
2017.10.24 02:25:31.475,0.98692,0.98715,1.87,1.31
2017.10.24 02:25:31.992,0.98691,0.98716,2.62,1.62
2017.10.24 02:25:32.509,0.98692,0.98715,1.87,1.31
2017.10.24 02:25:33.146,0.98692,0.98715,1.87,1.31
2017.10.24 02:25:36.651,0.98694,0.98717,1.50,3.94
2017.10.24 02:25:36.702,0.98694,0.98717,1.00,1.31
2017.10.24 02:25:37.265,0.98693,0.98717,3.00,1.31
2017.10.24 02:25:37.371,0.98697,0.98717,1.00,1.31
2017.10.24 02:25:37.926,0.98696,0.98717,1.00,1.31
2017.10.24 02:25:40.410,0.98694,0.98717,1.50,2.81
2017.10.24 02:25:41.327,0.98694,0.98717,1.50,2.81
2017.10.24 02:25:47.085,0.98694,0.98717,1.00,1.69
2017.10.24 02:25:47.767,0.98695,0.98717,1.00,2.81
2017.10.24 02:25:48.437,0.98695,0.98717,1.00,2.06
2017.10.24 02:25:49.263,0.98695,0.98717,1.00,2.06
2017.10.24 02:25:49.912,0.98695,0.98716,1.00,1.19
2017.10.24 02:25:50.709,0.98695,0.98715,1.00,1.31
2017.10.24 02:25:57.271,0.98694,0.98715,1.00,1.31
2017.10.24 02:26:06.880,0.98694,0.98715,1.00,1.31
2017.10.24 02:26:07.382,0.98694,0.98716,1.00,1.69
2017.10.24 02:26:08.790,0.98694,0.98717,1.12,1.56
2017.10.24 02:26:13.288,0.98694,0.98716,1.87,1.31
2017.10.24 02:26:13.982,0.98694,0.98717,1.12,1.56
2017.10.24 02:26:15.232,0.98695,0.98717,1.00,1.56
2017.10.24 02:26:15.963,0.98695,0.98716,1.00,1.31
2017.10.24 02:26:16.573,0.98696,0.98716,1.00,1.69
2017.10.24 02:26:17.098,0.98697,0.98716,1.00,1.12
2017.10.24 02:26:19.638,0.98698,0.98716,1.00,1.31
2017.10.24 02:26:20.139,0.98697,0.98716,1.00,1.31
2017.10.24 02:26:34.427,0.98697,0.98717,1.00,1.31
2017.10.24 02:26:35.767,0.98698,0.9872,1.50,2.62
2017.10.24 02:26:35.818,0.98699,0.9872,1.00,2.25
2017.10.24 02:26:36.021,0.987,0.98721,1.00,1.50
2017.10.24 02:26:36.122,0.987,0.9872,1.00,1.69
2017.10.24 02:26:36.224,0.987,0.98721,1.00,1.50
2017.10.24 02:26:36.739,0.98701,0.9872,1.00,1.00
2017.10.24 02:26:37.122,0.98699,0.9872,1.00,1.50
2017.10.24 02:26:37.631,0.987,0.9872,1.00,1.50
2017.10.24 02:26:40.492,0.98702,0.9872,1.00,1.50
2017.10.24 02:26:40.937,0.98702,0.98721,1.00,2.06
2017.10.24 02:26:48.320,0.98703,0.98722,1.00,1.50
2017.10.24 02:26:49.034,0.98704,0.98722,1.00,1.00
2017.10.24 02:26:54.748,0.98703,0.98722,1.00,1.00
2017.10.24 02:26:56.447,0.98703,0.9872,1.00,1.00
2017.10.24 02:26:57.769,0.98703,0.98721,1.00,1.50
2017.10.24 02:26:58.775,0.98703,0.98722,1.00,1.50
2017.10.24 02:26:59.079,0.98706,0.98727,1.00,1.69
2017.10.24 02:26:59.583,0.98707,0.98727,1.00,2.44
2017.10.24 02:27:01.471,0.98707,0.98725,1.00,1.00
2017.10.24 02:27:02.373,0.98707,0.98726,1.00,1.31
2017.10.24 02:27:08.835,0.98707,0.98725,1.00,1.00
2017.10.24 02:27:12.647,0.98709,0.98727,1.00,1.69
2017.10.24 02:27:15.112,0.98707,0.98728,1.00,3.37
2017.10.24 02:27:18.413,0.98708,0.98727,1.00,1.50
2017.10.24 02:27:18.968,0.98708,0.98726,1.00,1.00
2017.10.24 02:27:20.340,0.98705,0.98724,1.00,1.25
2017.10.24 02:27:20.695,0.98707,0.98724,1.00,1.12
2017.10.24 02:27:20.990,0.98707,0.98727,1.00,2.06
2017.10.24 02:27:23.319,0.98709,0.98727,1.00,1.37
2017.10.24 02:27:23.888,0.98707,0.98726,1.00,1.12
2017.10.24 02:27:25.123,0.98707,0.98725,1.00,1.12
2017.10.24 02:27:25.352,0.98707,0.98727,1.00,2.06
2017.10.24 02:27:25.876,0.98704,0.98726,1.12,1.62
2017.10.24 02:27:26.562,0.98703,0.98724,1.00,2.44
2017.10.24 02:27:28.821,0.98702,0.98723,1.00,1.69
2017.10.24 02:27:32.366,0.98703,0.98722,1.00,1.25
2017.10.24 02:27:32.569,0.98701,0.98722,1.87,1.25
2017.10.24 02:27:33.357,0.98701,0.98722,1.87,1.19
2017.10.24 02:27:34.357,0.98701,0.98723,1.12,1.31
2017.10.24 02:27:35.121,0.98701,0.98721,1.12,1.00
2017.10.24 02:27:35.510,0.98706,0.98722,1.00,1.00
2017.10.24 02:27:35.663,0.98706,0.98726,1.00,3.19
2017.10.24 02:27:36.278,0.98706,0.98726,1.00,1.50
2017.10.24 02:27:36.329,0.98703,0.9872,1.12,1.00
2017.10.24 02:27:36.430,0.98706,0.98725,1.00,1.31
2017.10.24 02:27:36.583,0.98708,0.98726,1.00,1.50
2017.10.24 02:27:37.338,0.98701,0.98721,1.37,1.62
2017.10.24 02:27:37.940,0.98701,0.98721,1.00,1.31
2017.10.24 02:27:38.349,0.98703,0.98721,1.00,1.31
2017.10.24 02:27:43.518,0.98704,0.98721,1.00,1.50
2017.10.24 02:27:51.011,0.98701,0.98721,1.00,1.31
2017.10.24 02:27:51.062,0.98701,0.98719,1.00,1.25
2017.10.24 02:27:51.365,0.98702,0.98716,1.00,1.00
2017.10.24 02:27:51.568,0.98706,0.98725,1.00,1.37
2017.10.24 02:27:51.619,0.98708,0.98724,1.00,1.12
2017.10.24 02:27:51.771,0.98708,0.98728,1.00,1.69
2017.10.24 02:27:51.974,0.98709,0.98729,1.00,1.00
2017.10.24 02:27:52.158,0.98711,0.98732,1.00,2.06
2017.10.24 02:27:52.209,0.98709,0.9873,1.00,1.31
2017.10.24 02:27:52.260,0.98709,0.98728,1.00,1.00
2017.10.24 02:27:52.565,0.98714,0.98735,1.00,1.00
2017.10.24 02:27:53.078,0.98714,0.98734,1.00,1.31
2017.10.24 02:27:53.731,0.98714,0.98735,1.00,2.44
2017.10.24 02:27:54.391,0.98714,0.98734,1.00,1.94
2017.10.24 02:27:55.801,0.98715,0.98733,1.00,1.37
2017.10.24 02:27:59.568,0.98715,0.98734,1.00,1.37
2017.10.24 02:28:00.088,0.98712,0.98734,1.00,1.69
2017.10.24 02:28:00.999,0.98712,0.98733,1.00,1.19
2017.10.24 02:28:02.261,0.98711,0.98732,1.00,1.25
2017.10.24 02:28:03.045,0.98711,0.98733,1.00,1.69
2017.10.24 02:28:03.634,0.98711,0.98733,1.00,1.69
2017.10.24 02:28:04.267,0.98711,0.9873,1.00,1.00
2017.10.24 02:28:04.571,0.98714,0.98734,1.00,1.69
2017.10.24 02:28:04.897,0.98718,0.98736,1.00,1.00
2017.10.24 02:28:05.678,0.98718,0.98737,1.00,1.12
2017.10.24 02:28:06.790,0.98718,0.98736,1.00,1.00
2017.10.24 02:28:07.111,0.98717,0.98734,1.00,1.12
2017.10.24 02:28:07.505,0.98714,0.98731,1.00,1.00
2017.10.24 02:28:07.557,0.98714,0.98733,1.00,1.50
2017.10.24 02:28:18.011,0.98715,0.98733,1.00,1.50
2017.10.24 02:28:19.249,0.98716,0.98733,1.00,1.00
2017.10.24 02:28:19.351,0.98719,0.98737,1.00,1.00
2017.10.24 02:28:19.453,0.98719,0.98739,1.00,1.12
2017.10.24 02:28:19.969,0.98718,0.98739,1.00,1.31
2017.10.24 02:28:22.267,0.9872,0.9874,1.00,1.50
2017.10.24 02:28:22.784,0.98721,0.9874,1.00,1.50
2017.10.24 02:28:27.260,0.98723,0.98742,1.00,2.00
2017.10.24 02:28:27.312,0.98724,0.98742,1.00,1.00
2017.10.24 02:28:27.839,0.98723,0.98742,1.00,1.00
2017.10.24 02:28:28.342,0.98723,0.98743,1.00,1.00
2017.10.24 02:28:30.526,0.98724,0.98742,1.00,1.69
2017.10.24 02:28:30.830,0.98724,0.98745,1.00,4.12
2017.10.24 02:28:31.410,0.98725,0.98745,1.00,2.44
2017.10.24 02:28:40.868,0.98725,0.98741,1.00,1.00
2017.10.24 02:28:40.970,0.98719,0.98741,1.12,1.00
2017.10.24 02:28:41.508,0.98719,0.98742,1.00,3.00
2017.10.24 02:28:42.730,0.98719,0.9874,1.00,1.00
2017.10.24 02:28:43.042,0.98719,0.98739,1.00,1.50
2017.10.24 02:28:45.648,0.98716,0.98738,4.50,1.12
2017.10.24 02:28:49.131,0.98718,0.98738,1.19,1.12
2017.10.24 02:28:49.381,0.9872,0.98742,3.37,1.00
2017.10.24 02:28:49.534,0.9872,0.98742,1.12,1.00
2017.10.24 02:28:50.352,0.98721,0.98742,1.19,1.00
2017.10.24 02:28:50.997,0.9872,0.98742,1.87,1.00
2017.10.24 02:28:51.301,0.98717,0.98739,2.44,1.00
2017.10.24 02:28:51.604,0.98721,0.98745,1.00,5.81
2017.10.24 02:28:51.655,0.98722,0.98744,1.12,1.31
2017.10.24 02:28:52.182,0.98722,0.98744,1.12,1.12
2017.10.24 02:28:53.259,0.9872,0.98744,1.00,1.12
2017.10.24 02:28:53.310,0.98722,0.98744,1.50,1.12
2017.10.24 02:28:53.830,0.98721,0.98745,1.50,1.69
2017.10.24 02:28:54.398,0.98722,0.98745,1.00,1.50
2017.10.24 02:28:55.476,0.98721,0.98745,1.50,1.69
2017.10.24 02:28:55.780,0.9872,0.98742,1.00,1.00
2017.10.24 02:28:56.507,0.9872,0.98743,1.00,1.31
2017.10.24 02:28:56.559,0.98718,0.98743,2.81,1.31
2017.10.24 02:28:57.098,0.98721,0.98744,1.00,3.56
2017.10.24 02:29:10.567,0.9872,0.98745,1.75,1.12
2017.10.24 02:29:11.353,0.98721,0.98744,1.50,1.00
2017.10.24 02:29:12.033,0.9872,0.98745,2.25,1.12
2017.10.24 02:29:12.561,0.98721,0.98744,1.50,1.00
2017.10.24 02:29:13.216,0.9872,0.98745,3.00,1.12
2017.10.24 02:29:16.632,0.98722,0.98744,1.12,1.00
2017.10.24 02:29:17.247,0.98722,0.98745,1.12,1.12
2017.10.24 02:29:19.004,0.98722,0.98745,1.87,2.25
2017.10.24 02:29:19.670,0.98722,0.98745,1.12,1.31
2017.10.24 02:29:20.576,0.98721,0.98742,1.37,1.00
2017.10.24 02:29:21.193,0.98722,0.98743,1.00,1.00
2017.10.24 02:29:24.575,0.98721,0.98743,1.50,1.00
2017.10.24 02:29:25.174,0.98721,0.98745,1.50,3.00
2017.10.24 02:29:29.571,0.98726,0.98745,1.00,3.00
2017.10.24 02:29:34.396,0.98727,0.98745,1.00,2.06
2017.10.24 02:29:36.515,0.98728,0.98744,1.00,1.00
2017.10.24 02:29:37.172,0.98728,0.98745,1.00,1.12
2017.10.24 02:29:37.731,0.98728,0.98744,1.00,1.00
2017.10.24 02:29:38.235,0.98728,0.98745,1.00,1.12
2017.10.24 02:29:39.160,0.9873,0.98747,1.00,1.37
2017.10.24 02:29:39.413,0.98726,0.98747,1.50,1.19
2017.10.24 02:29:39.464,0.98724,0.9874,1.50,1.00
2017.10.24 02:29:39.566,0.98719,0.98735,1.00,1.00
2017.10.24 02:29:39.617,0.98717,0.98734,1.00,1.00
2017.10.24 02:29:40.141,0.98716,0.98737,1.00,4.12
2017.10.24 02:29:40.930,0.98716,0.98736,1.00,1.31
2017.10.24 02:29:47.819,0.98717,0.98736,1.00,1.31
2017.10.24 02:29:52.066,0.98717,0.98738,1.00,2.06
2017.10.24 02:29:52.117,0.98721,0.98739,1.00,1.12
2017.10.24 02:29:52.168,0.98722,0.9874,1.00,1.31
2017.10.24 02:29:52.692,0.98722,0.98742,1.00,1.87
2017.10.24 02:29:56.298,0.98721,0.98742,1.50,1.87
2017.10.24 02:29:56.500,0.9872,0.98741,1.00,1.69
2017.10.24 02:29:57.002,0.9872,0.98741,1.00,1.37
2017.10.24 02:29:57.606,0.9872,0.98741,1.00,1.87
2017.10.24 02:30:00.719,0.98721,0.98741,1.00,1.69
2017.10.24 02:30:01.710,0.9872,0.98741,1.00,2.44
2017.10.24 02:30:03.179,0.98716,0.98739,1.12,1.25
2017.10.24 02:30:04.736,0.98717,0.98739,1.00,2.06
2017.10.24 02:30:04.911,0.98717,0.98736,1.00,1.00
2017.10.24 02:30:06.289,0.98717,0.98737,1.00,1.00
2017.10.24 02:30:06.807,0.98717,0.98738,1.00,1.25
2017.10.24 02:30:08.573,0.98714,0.98735,1.50,1.00
2017.10.24 02:30:08.674,0.98712,0.98735,2.25,1.00
2017.10.24 02:30:11.541,0.98712,0.98734,1.50,1.00
2017.10.24 02:30:11.592,0.98709,0.98732,2.62,1.00
2017.10.24 02:30:11.693,0.98707,0.98731,2.44,1.12
2017.10.24 02:30:12.304,0.98707,0.9873,1.69,1.00
2017.10.24 02:30:12.881,0.98707,0.9873,1.69,1.00
2017.10.24 02:30:13.784,0.98706,0.98731,3.19,1.87
2017.10.24 02:30:15.460,0.98706,0.9873,2.44,1.00
2017.10.24 02:30:15.994,0.98706,0.98729,1.94,1.00
2017.10.24 02:30:19.295,0.98707,0.98728,1.69,1.00
2017.10.24 02:30:20.125,0.98707,0.9873,2.44,1.00
2017.10.24 02:30:28.706,0.98707,0.98731,2.25,1.12
2017.10.24 02:30:29.951,0.98708,0.98731,1.12,2.06
2017.10.24 02:30:30.479,0.98708,0.98731,1.12,2.81
2017.10.24 02:30:32.007,0.98708,0.98728,1.12,1.00
2017.10.24 02:30:32.058,0.98706,0.98728,1.50,1.69
2017.10.24 02:30:32.204,0.98704,0.98726,1.62,1.12
2017.10.24 02:30:32.255,0.98703,0.98725,1.00,1.25
2017.10.24 02:30:37.389,0.98703,0.98722,1.00,1.25
2017.10.24 02:30:37.643,0.98696,0.98719,1.00,2.44
2017.10.24 02:30:38.220,0.98695,0.98718,2.25,1.19
2017.10.24 02:30:38.816,0.98696,0.98718,1.00,1.31
2017.10.24 02:30:39.645,0.98695,0.98718,1.50,1.87
2017.10.24 02:30:41.028,0.98696,0.98718,1.00,2.25
2017.10.24 02:30:42.414,0.98696,0.98718,1.00,2.25
2017.10.24 02:30:43.668,0.98695,0.98718,2.25,1.87
2017.10.24 02:30:44.305,0.98696,0.98718,1.00,1.87
2017.10.24 02:30:44.917,0.98696,0.98718,1.00,1.87
2017.10.24 02:30:46.497,0.98696,0.98718,1.00,1.87
2017.10.24 02:30:48.750,0.98694,0.98717,1.12,1.31
2017.10.24 02:30:53.264,0.98694,0.98717,1.87,1.31
2017.10.24 02:30:53.365,0.98698,0.98719,1.12,1.56
2017.10.24 02:30:53.467,0.98699,0.98722,1.50,1.87
2017.10.24 02:30:55.050,0.98698,0.9872,1.87,1.25
2017.10.24 02:30:55.553,0.98697,0.98721,1.50,1.69
2017.10.24 02:31:00.807,0.98699,0.98722,1.00,1.87
2017.10.24 02:31:01.356,0.987,0.98722,1.00,1.87
2017.10.24 02:31:02.225,0.98702,0.98722,1.00,1.25
2017.10.24 02:31:02.754,0.98701,0.98723,1.00,2.81
2017.10.24 02:31:03.124,0.98697,0.98721,1.87,1.31
2017.10.24 02:31:07.605,0.98698,0.98721,1.00,1.31
2017.10.24 02:31:11.856,0.98702,0.98721,1.00,1.12
2017.10.24 02:31:15.391,0.98702,0.9872,1.00,1.25
2017.10.24 02:31:20.768,0.98698,0.9872,1.00,1.25
2017.10.24 02:31:21.566,0.98696,0.98719,1.50,1.19
2017.10.24 02:31:21.617,0.98695,0.98717,1.00,1.25
2017.10.24 02:31:21.820,0.98695,0.9872,2.25,1.69
2017.10.24 02:31:36.101,0.98695,0.9872,3.00,1.69
2017.10.24 02:31:40.448,0.98696,0.98719,1.12,1.69
2017.10.24 02:31:40.701,0.98697,0.98719,1.12,1.69
2017.10.24 02:31:40.752,0.98697,0.98719,1.12,1.69
2017.10.24 02:31:40.954,0.98695,0.98717,1.00,1.31
2017.10.24 02:31:42.767,0.98694,0.98718,2.62,1.37
2017.10.24 02:31:43.766,0.98695,0.98718,1.00,1.37
2017.10.24 02:31:46.646,0.98694,0.98718,2.62,1.37
2017.10.24 02:31:50.714,0.98695,0.98718,1.00,1.37
2017.10.24 02:31:53.632,0.98694,0.98717,3.56,1.12
2017.10.24 02:31:55.580,0.98695,0.98717,1.00,1.12
2017.10.24 02:31:56.092,0.98694,0.98717,2.81,1.12
2017.10.24 02:31:56.646,0.98695,0.98717,1.00,1.12
2017.10.24 02:31:58.148,0.98694,0.98717,2.81,1.12
2017.10.24 02:31:58.555,0.98694,0.98715,1.87,1.00
2017.10.24 02:31:59.333,0.98694,0.98714,1.87,1.00
2017.10.24 02:32:00.694,0.98694,0.98715,1.87,1.25
2017.10.24 02:32:00.795,0.98698,0.98721,1.00,1.87
2017.10.24 02:32:01.361,0.98699,0.98721,1.12,3.00
2017.10.24 02:32:02.024,0.98698,0.98721,1.50,2.06
2017.10.24 02:32:16.314,0.98699,0.98722,2.25,1.00
2017.10.24 02:32:16.748,0.987,0.98723,1.62,1.50
2017.10.24 02:32:17.299,0.98701,0.98725,1.87,1.50
2017.10.24 02:32:17.817,0.98702,0.98725,1.00,2.44
2017.10.24 02:32:20.987,0.98704,0.98725,1.00,1.50
2017.10.24 02:32:25.093,0.98705,0.98726,1.00,1.75
2017.10.24 02:32:33.659,0.98704,0.98726,1.00,2.00
2017.10.24 02:32:34.286,0.98703,0.98725,1.00,1.69
2017.10.24 02:32:34.792,0.98703,0.98723,1.00,1.12
2017.10.24 02:32:34.994,0.98704,0.98725,1.00,2.62
2017.10.24 02:32:35.827,0.98703,0.98724,1.00,1.00
2017.10.24 02:32:36.903,0.98702,0.98725,1.12,1.31
2017.10.24 02:32:37.005,0.98702,0.98721,1.00,1.00
2017.10.24 02:32:38.461,0.98703,0.98724,1.00,1.62
2017.10.24 02:32:38.614,0.98703,0.98724,1.00,1.25
2017.10.24 02:32:39.164,0.98702,0.98724,1.00,1.25
2017.10.24 02:32:39.762,0.98702,0.98725,1.00,2.44
2017.10.24 02:32:40.386,0.98702,0.98724,1.00,1.25
2017.10.24 02:32:40.965,0.98701,0.98724,1.50,1.25
2017.10.24 02:32:47.045,0.98701,0.98724,1.50,1.19
2017.10.24 02:32:48.702,0.98701,0.98724,1.50,1.25
2017.10.24 02:32:49.395,0.98701,0.98725,1.00,3.19
2017.10.24 02:32:49.935,0.98701,0.98724,1.00,1.00
2017.10.24 02:32:51.487,0.98701,0.98725,1.00,2.44
2017.10.24 02:32:52.034,0.98701,0.98724,1.00,1.00
2017.10.24 02:32:58.407,0.98704,0.98724,1.00,1.00
2017.10.24 02:32:58.838,0.98702,0.98724,1.00,1.00
2017.10.24 02:32:59.627,0.98702,0.98725,1.00,3.19
2017.10.24 02:33:00.447,0.98702,0.98724,1.00,1.25
2017.10.24 02:33:01.558,0.98703,0.98723,1.00,1.00
2017.10.24 02:33:02.329,0.98703,0.98722,1.00,1.00
2017.10.24 02:33:03.460,0.987,0.98722,1.19,1.00
2017.10.24 02:33:04.484,0.987,0.98723,1.25,1.12
2017.10.24 02:33:05.029,0.987,0.98722,1.19,1.00
2017.10.24 02:33:09.311,0.987,0.98722,1.25,1.00
2017.10.24 02:33:19.967,0.98699,0.98722,2.62,1.00
