2015.10.05 06:00:00.674,0.92841,0.92867,1.50,3.00
2015.10.05 06:00:00.725,0.92841,0.92867,1.75,1.75
2015.10.05 06:00:01.079,0.92842,0.92871,1.75,1.75
2015.10.05 06:00:01.814,0.92846,0.92866,1.37,1.00
2015.10.05 06:00:03.684,0.92849,0.92868,1.00,1.00
2015.10.05 06:00:04.525,0.92845,0.92871,1.75,1.75
2015.10.05 06:00:05.081,0.92847,0.92867,1.00,1.00
2015.10.05 06:00:05.132,0.92849,0.92867,1.00,1.00
2015.10.05 06:00:05.436,0.92852,0.92876,1.00,1.75
2015.10.05 06:00:05.486,0.92851,0.92876,1.75,1.75
2015.10.05 06:00:05.587,0.92851,0.92876,1.75,1.50
2015.10.05 06:00:05.689,0.92851,0.92876,1.75,1.37
2015.10.05 06:00:06.240,0.92851,0.92882,3.00,1.75
2015.10.05 06:00:06.294,0.92851,0.92882,1.75,1.75
2015.10.05 06:00:07.756,0.92857,0.92877,1.00,1.50
2015.10.05 06:00:08.061,0.92854,0.92877,1.75,1.50
2015.10.05 06:00:10.312,0.92855,0.92875,1.00,1.00
2015.10.05 06:00:10.943,0.92853,0.92882,1.75,2.25
2015.10.05 06:00:12.006,0.92855,0.92875,1.00,1.00
2015.10.05 06:00:15.314,0.92858,0.92877,1.00,1.00
2015.10.05 06:00:16.338,0.92858,0.92878,1.00,1.00
2015.10.05 06:00:16.648,0.92854,0.92882,1.75,1.75
2015.10.05 06:00:18.012,0.92853,0.92877,1.75,1.00
2015.10.05 06:00:18.765,0.92854,0.92881,1.75,1.75
2015.10.05 06:00:19.988,0.92858,0.92878,1.00,1.00
2015.10.05 06:00:21.243,0.92855,0.92882,1.75,1.75
2015.10.05 06:00:22.151,0.92855,0.92882,1.75,1.75
2015.10.05 06:00:22.963,0.92857,0.92882,1.00,1.75
2015.10.05 06:00:23.695,0.92856,0.92876,1.00,1.00
2015.10.05 06:00:23.796,0.92854,0.92882,1.75,2.25
2015.10.05 06:00:24.213,0.92856,0.92876,1.00,1.00
2015.10.05 06:00:24.746,0.92854,0.92882,1.50,2.25
2015.10.05 06:00:25.300,0.92854,0.92876,1.50,1.00
2015.10.05 06:00:27.302,0.92851,0.9288,1.75,3.00
2015.10.05 06:00:28.268,0.9286,0.92881,1.00,1.75
2015.10.05 06:00:28.536,0.92863,0.92889,1.00,2.25
2015.10.05 06:00:28.637,0.92863,0.92883,1.50,1.00
2015.10.05 06:00:28.940,0.92864,0.92891,1.75,1.75
2015.10.05 06:00:29.041,0.92867,0.92887,1.00,1.00
2015.10.05 06:00:29.540,0.92862,0.92891,1.75,3.75
2015.10.05 06:00:30.434,0.92862,0.92887,1.75,1.75
2015.10.05 06:00:30.965,0.92863,0.92887,1.00,1.75
2015.10.05 06:00:31.167,0.9286,0.92887,1.75,1.75
2015.10.05 06:00:31.218,0.9286,0.92887,1.75,3.00
2015.10.05 06:00:31.808,0.9286,0.92887,1.75,1.75
2015.10.05 06:00:31.859,0.92863,0.92883,1.50,1.00
2015.10.05 06:00:31.910,0.92863,0.92887,1.50,1.75
2015.10.05 06:00:31.961,0.92866,0.92886,1.00,1.00
2015.10.05 06:00:32.409,0.92871,0.92891,1.12,1.75
2015.10.05 06:00:32.459,0.92873,0.92891,1.00,1.00
2015.10.05 06:00:32.510,0.92872,0.92891,1.75,1.00
2015.10.05 06:00:33.196,0.92872,0.92896,1.75,1.75
2015.10.05 06:00:34.630,0.92879,0.92901,3.00,1.00
2015.10.05 06:00:35.154,0.92884,0.92902,1.50,1.00
2015.10.05 06:00:35.841,0.92881,0.92901,1.75,1.00
2015.10.05 06:00:40.328,0.92882,0.9291,1.75,1.75
2015.10.05 06:00:40.429,0.92875,0.92902,3.00,1.00
2015.10.05 06:00:40.480,0.92875,0.92902,3.00,1.37
2015.10.05 06:00:40.531,0.92872,0.929,1.75,1.75
2015.10.05 06:00:40.834,0.92872,0.92902,1.75,4.50
2015.10.05 06:00:41.770,0.92872,0.92901,1.75,2.25
2015.10.05 06:00:45.309,0.92873,0.92901,1.75,1.75
2015.10.05 06:00:45.410,0.92872,0.92901,1.75,3.00
2015.10.05 06:00:45.461,0.92873,0.92901,1.00,3.00
2015.10.05 06:00:46.340,0.92871,0.92901,1.75,2.25
2015.10.05 06:00:46.874,0.92872,0.92901,1.75,2.25
2015.10.05 06:00:47.177,0.92873,0.929,1.37,2.25
2015.10.05 06:00:47.719,0.92873,0.92892,1.50,1.00
2015.10.05 06:00:48.073,0.92873,0.92901,1.75,3.00
2015.10.05 06:00:48.613,0.92873,0.92901,1.75,1.75
2015.10.05 06:00:48.930,0.92873,0.92901,1.75,1.75
2015.10.05 06:00:51.093,0.92872,0.929,1.50,3.75
2015.10.05 06:00:51.693,0.92871,0.929,1.75,1.75
2015.10.05 06:00:51.753,0.92873,0.92895,1.75,1.00
2015.10.05 06:00:58.093,0.92875,0.92895,1.00,1.00
2015.10.05 06:00:59.776,0.92876,0.92901,1.75,1.75
2015.10.05 06:01:00.130,0.92876,0.92901,1.75,1.75
2015.10.05 06:01:00.180,0.92877,0.92897,1.00,1.00
2015.10.05 06:01:00.948,0.92875,0.92901,1.50,1.75
2015.10.05 06:01:01.251,0.92874,0.92901,1.75,1.75
2015.10.05 06:01:01.504,0.92881,0.92901,1.00,1.50
2015.10.05 06:01:02.353,0.92881,0.92901,1.00,1.50
2015.10.05 06:01:02.659,0.92876,0.92901,1.75,1.12
2015.10.05 06:01:04.008,0.92877,0.92901,1.75,1.00
2015.10.05 06:01:04.519,0.92875,0.92904,2.25,1.75
2015.10.05 06:01:04.822,0.92873,0.92902,1.75,1.75
2015.10.05 06:01:05.792,0.92872,0.92896,3.00,1.00
2015.10.05 06:01:11.596,0.92871,0.92896,2.25,1.12
2015.10.05 06:01:11.848,0.92876,0.92896,1.00,1.50
2015.10.05 06:01:12.050,0.92871,0.92896,2.25,1.12
2015.10.05 06:01:12.554,0.9287,0.92896,4.50,1.37
2015.10.05 06:01:14.138,0.92874,0.92896,1.75,1.12
2015.10.05 06:01:14.916,0.92877,0.92896,1.00,1.37
2015.10.05 06:01:15.446,0.92868,0.92896,3.00,1.75
2015.10.05 06:01:16.021,0.9287,0.92896,1.75,1.50
2015.10.05 06:01:16.525,0.92876,0.92896,1.00,1.50
2015.10.05 06:01:16.832,0.92868,0.92896,3.00,1.75
2015.10.05 06:01:18.750,0.9287,0.92896,1.75,1.37
2015.10.05 06:01:19.599,0.92868,0.92897,1.75,1.75
2015.10.05 06:01:19.959,0.92873,0.92893,1.00,1.00
2015.10.05 06:01:20.060,0.92876,0.92896,1.00,1.00
2015.10.05 06:01:21.024,0.92871,0.92896,1.75,1.50
2015.10.05 06:01:23.777,0.92874,0.92896,1.75,1.00
2015.10.05 06:01:24.029,0.9288,0.92899,1.00,1.00
2015.10.05 06:01:24.230,0.92874,0.92901,1.75,1.75
2015.10.05 06:01:24.764,0.92872,0.92896,1.75,1.12
2015.10.05 06:01:25.066,0.92873,0.92896,1.75,1.75
2015.10.05 06:01:26.570,0.92875,0.92895,1.00,1.00
2015.10.05 06:01:27.170,0.92875,0.92897,1.50,1.75
2015.10.05 06:01:38.510,0.92872,0.92897,1.75,1.75
2015.10.05 06:01:42.836,0.92872,0.92901,1.75,3.75
2015.10.05 06:01:42.987,0.92872,0.92892,1.50,1.00
2015.10.05 06:01:43.290,0.92871,0.92891,1.75,1.00
2015.10.05 06:01:43.794,0.92871,0.92897,1.75,1.75
2015.10.05 06:01:44.895,0.92871,0.92897,1.75,1.75
2015.10.05 06:01:46.301,0.92872,0.92892,1.00,1.00
2015.10.05 06:01:46.503,0.9287,0.92897,1.75,1.75
2015.10.05 06:01:46.605,0.9287,0.92897,1.75,1.75
2015.10.05 06:01:49.064,0.92871,0.92897,1.75,1.75
2015.10.05 06:01:49.725,0.9287,0.92897,1.75,1.75
2015.10.05 06:01:50.270,0.92871,0.92897,1.75,1.75
2015.10.05 06:01:53.069,0.92871,0.92891,1.75,1.00
2015.10.05 06:01:53.409,0.92871,0.92896,1.75,1.75
2015.10.05 06:01:54.503,0.92871,0.92892,1.75,1.00
2015.10.05 06:01:54.977,0.92869,0.92896,1.75,1.50
2015.10.05 06:01:56.862,0.92873,0.92897,1.75,1.50
2015.10.05 06:02:00.147,0.92869,0.92894,2.25,1.00
2015.10.05 06:02:00.299,0.92867,0.92894,2.25,2.62
2015.10.05 06:02:00.772,0.9287,0.92891,1.75,1.00
2015.10.05 06:02:00.873,0.9287,0.92897,1.75,1.75
2015.10.05 06:02:01.226,0.92877,0.92896,1.00,1.00
2015.10.05 06:02:01.428,0.92873,0.92896,3.00,1.00
2015.10.05 06:02:01.532,0.92876,0.92902,1.75,1.75
2015.10.05 06:02:01.684,0.92877,0.92902,1.75,1.50
2015.10.05 06:02:02.287,0.92882,0.92901,1.75,1.00
2015.10.05 06:02:04.105,0.9288,0.92901,1.75,1.00
2015.10.05 06:02:04.802,0.92877,0.92901,1.75,1.37
2015.10.05 06:02:04.903,0.92877,0.92901,1.75,1.00
2015.10.05 06:02:05.891,0.92878,0.92901,1.75,1.00
2015.10.05 06:02:06.599,0.92878,0.92902,1.75,1.00
2015.10.05 06:02:07.510,0.92884,0.92901,1.75,1.00
2015.10.05 06:02:07.561,0.92884,0.92906,1.75,1.12
2015.10.05 06:02:08.065,0.92884,0.92906,1.75,1.00
2015.10.05 06:02:09.662,0.92886,0.92912,1.75,1.50
2015.10.05 06:02:09.814,0.92893,0.92912,1.00,1.00
2015.10.05 06:02:10.330,0.92888,0.92912,1.75,1.50
2015.10.05 06:02:11.431,0.9289,0.92912,1.75,1.12
2015.10.05 06:02:13.709,0.92894,0.92912,1.37,1.00
2015.10.05 06:02:13.861,0.92894,0.92912,1.00,1.50
2015.10.05 06:02:14.381,0.92892,0.92911,1.75,1.00
2015.10.05 06:02:14.684,0.92895,0.92911,1.75,1.00
2015.10.05 06:02:14.836,0.92895,0.92916,1.75,1.00
2015.10.05 06:02:16.036,0.92895,0.92916,1.75,1.00
2015.10.05 06:02:17.843,0.92897,0.92916,1.50,1.00
2015.10.05 06:02:18.146,0.92899,0.92921,1.75,1.50
2015.10.05 06:02:19.048,0.92901,0.92921,1.75,1.12
2015.10.05 06:02:19.564,0.92901,0.92921,1.50,1.00
2015.10.05 06:02:23.293,0.92901,0.92926,1.50,1.75
2015.10.05 06:02:23.344,0.92901,0.92926,1.50,1.75
2015.10.05 06:02:23.394,0.92901,0.92926,1.75,1.50
2015.10.05 06:02:23.546,0.92903,0.92926,1.75,1.50
2015.10.05 06:02:24.743,0.92909,0.92931,1.75,1.12
2015.10.05 06:02:27.246,0.92911,0.92932,1.75,1.00
2015.10.05 06:02:30.360,0.92909,0.92931,1.75,1.00
2015.10.05 06:02:30.613,0.92906,0.92931,1.75,1.75
2015.10.05 06:02:31.170,0.9291,0.92931,1.00,1.75
2015.10.05 06:02:31.853,0.92904,0.92931,1.75,1.75
2015.10.05 06:02:32.377,0.9291,0.9293,1.00,1.00
2015.10.05 06:02:32.672,0.9291,0.92931,1.00,1.75
2015.10.05 06:02:34.045,0.92906,0.92927,1.75,1.00
2015.10.05 06:02:34.096,0.92904,0.92931,1.75,1.50
2015.10.05 06:02:34.635,0.92906,0.92931,1.75,1.75
2015.10.05 06:02:35.692,0.92905,0.92931,1.75,1.75
2015.10.05 06:02:35.793,0.92908,0.92927,1.00,1.00
2015.10.05 06:02:36.819,0.92908,0.92926,1.00,1.00
2015.10.05 06:02:39.260,0.92903,0.92926,1.50,1.37
2015.10.05 06:02:39.311,0.92901,0.92926,1.75,1.75
2015.10.05 06:02:39.945,0.92901,0.92926,1.75,1.75
2015.10.05 06:02:41.596,0.92899,0.92921,1.75,1.00
2015.10.05 06:02:42.289,0.929,0.92921,1.75,1.12
2015.10.05 06:02:45.516,0.92902,0.92922,1.00,1.00
2015.10.05 06:02:46.020,0.929,0.92926,1.75,1.75
2015.10.05 06:02:47.191,0.92903,0.92926,1.00,1.75
2015.10.05 06:02:51.816,0.92903,0.92922,1.37,1.00
2015.10.05 06:02:52.398,0.92903,0.92926,1.75,1.75
2015.10.05 06:02:53.734,0.92902,0.92926,1.75,1.75
2015.10.05 06:02:53.836,0.92904,0.92924,1.00,1.00
2015.10.05 06:02:53.995,0.92904,0.92927,1.00,1.75
2015.10.05 06:02:54.499,0.92902,0.92927,1.75,1.75
2015.10.05 06:02:55.903,0.92903,0.92925,1.50,1.00
2015.10.05 06:02:56.406,0.92904,0.92924,1.00,1.00
2015.10.05 06:02:56.507,0.92904,0.92926,1.00,1.75
2015.10.05 06:02:57.028,0.92899,0.92924,1.75,1.00
2015.10.05 06:02:57.561,0.92903,0.92926,1.75,1.75
2015.10.05 06:02:59.722,0.92904,0.92924,1.00,1.00
2015.10.05 06:03:00.271,0.92902,0.92926,1.75,1.75
2015.10.05 06:03:03.246,0.92905,0.92926,1.37,1.50
2015.10.05 06:03:04.130,0.92905,0.92927,1.75,1.50
2015.10.05 06:03:14.359,0.92908,0.92926,1.00,1.00
2015.10.05 06:03:14.911,0.92906,0.92926,1.75,1.12
2015.10.05 06:03:15.781,0.92906,0.92926,1.00,1.50
2015.10.05 06:03:16.318,0.92904,0.92926,1.75,1.50
2015.10.05 06:03:16.918,0.92904,0.92926,1.75,1.12
2015.10.05 06:03:18.152,0.92905,0.92926,1.75,1.50
2015.10.05 06:03:18.674,0.92905,0.92926,1.50,1.75
2015.10.05 06:03:22.286,0.92904,0.92926,1.75,1.12
2015.10.05 06:03:22.809,0.92903,0.92926,1.75,1.00
2015.10.05 06:03:23.140,0.92903,0.92926,1.75,1.50
2015.10.05 06:03:23.797,0.92906,0.92926,1.00,1.50
2015.10.05 06:03:23.847,0.929,0.92926,1.75,1.75
2015.10.05 06:03:24.251,0.92899,0.92926,1.75,1.75
2015.10.05 06:03:26.070,0.929,0.92922,1.75,1.12
2015.10.05 06:03:27.151,0.92902,0.92926,1.50,1.75
2015.10.05 06:03:27.910,0.92902,0.92926,1.12,1.75
2015.10.05 06:03:29.952,0.92902,0.92926,1.50,1.75
2015.10.05 06:03:30.457,0.92901,0.92926,1.50,1.75
2015.10.05 06:03:31.062,0.92901,0.92926,1.75,1.75
2015.10.05 06:03:31.112,0.92901,0.92926,1.75,1.50
2015.10.05 06:03:33.104,0.92903,0.92926,1.75,1.12
2015.10.05 06:03:34.425,0.92904,0.92926,1.75,1.50
2015.10.05 06:03:34.938,0.92906,0.92926,1.75,1.12
2015.10.05 06:03:36.445,0.92906,0.92926,1.37,1.37
2015.10.05 06:03:37.002,0.92905,0.92926,1.75,1.12
2015.10.05 06:03:37.405,0.92906,0.92926,1.50,1.75
2015.10.05 06:03:37.708,0.92907,0.92926,1.00,1.00
2015.10.05 06:03:40.321,0.92907,0.92927,1.00,1.50
2015.10.05 06:03:40.964,0.92904,0.92926,2.25,1.00
2015.10.05 06:03:41.015,0.92904,0.92926,1.75,1.12
2015.10.05 06:03:41.278,0.92905,0.92925,1.00,1.00
2015.10.05 06:03:41.379,0.92906,0.92926,1.00,1.75
2015.10.05 06:03:41.632,0.92908,0.92932,1.75,1.12
2015.10.05 06:03:41.783,0.92913,0.92932,1.75,1.00
2015.10.05 06:03:41.834,0.92913,0.92937,1.75,1.75
2015.10.05 06:03:48.646,0.92912,0.92937,1.50,1.75
2015.10.05 06:03:48.898,0.9291,0.92931,1.50,1.37
2015.10.05 06:03:49.200,0.92909,0.92927,1.00,1.00
2015.10.05 06:03:49.732,0.92908,0.92927,1.00,1.00
2015.10.05 06:03:50.876,0.92907,0.92926,1.00,1.00
2015.10.05 06:03:51.591,0.92904,0.92924,1.50,1.00
2015.10.05 06:03:51.742,0.92904,0.92921,1.00,1.00
2015.10.05 06:03:52.249,0.92904,0.92924,1.00,1.00
2015.10.05 06:03:52.308,0.92899,0.92922,1.75,1.50
2015.10.05 06:03:55.459,0.92901,0.92926,1.75,1.75
2015.10.05 06:03:56.316,0.92901,0.92922,1.50,1.75
2015.10.05 06:03:57.473,0.92902,0.92922,1.00,1.50
2015.10.05 06:04:03.818,0.929,0.92927,1.37,3.00
2015.10.05 06:04:05.313,0.92902,0.92922,1.00,1.75
2015.10.05 06:04:06.243,0.929,0.92922,1.50,1.75
2015.10.05 06:04:06.938,0.92902,0.9292,1.12,1.00
2015.10.05 06:04:18.452,0.92899,0.92919,1.50,1.00
2015.10.05 06:04:19.218,0.92901,0.92919,1.00,1.00
2015.10.05 06:04:19.759,0.92899,0.92921,1.50,1.50
2015.10.05 06:04:20.062,0.92901,0.92921,1.00,1.75
2015.10.05 06:04:20.823,0.92898,0.92918,1.50,1.00
2015.10.05 06:04:21.314,0.929,0.92918,1.00,1.00
2015.10.05 06:04:21.516,0.92898,0.92918,1.50,1.00
2015.10.05 06:04:22.467,0.92898,0.92922,1.75,1.75
2015.10.05 06:04:22.569,0.92901,0.92921,1.00,1.00
2015.10.05 06:04:24.154,0.92898,0.92922,1.75,1.75
2015.10.05 06:04:24.662,0.929,0.92921,1.75,1.50
2015.10.05 06:04:25.179,0.92902,0.92921,1.00,1.00
2015.10.05 06:04:25.726,0.92902,0.92922,1.00,1.50
2015.10.05 06:04:25.783,0.92901,0.9292,1.00,1.00
2015.10.05 06:04:41.127,0.929,0.92922,1.75,1.75
2015.10.05 06:04:49.833,0.929,0.92922,1.50,1.50
2015.10.05 06:04:51.935,0.929,0.92922,1.50,1.50
2015.10.05 06:04:54.522,0.929,0.92926,1.75,1.75
2015.10.05 06:04:54.824,0.92902,0.92926,1.75,1.75
2015.10.05 06:04:56.828,0.92904,0.92924,1.00,1.00
2015.10.05 06:04:57.838,0.92904,0.92922,1.00,1.00
2015.10.05 06:04:58.638,0.92904,0.92921,1.00,1.00
2015.10.05 06:04:59.845,0.92901,0.9293,1.75,1.75
2015.10.05 06:05:00.047,0.92901,0.92921,1.75,1.00
2015.10.05 06:05:00.801,0.92902,0.92921,1.75,1.00
2015.10.05 06:05:05.757,0.92902,0.92922,1.75,1.00
2015.10.05 06:05:06.434,0.929,0.92922,1.75,1.37
2015.10.05 06:05:06.484,0.92902,0.92922,1.12,1.75
2015.10.05 06:05:10.535,0.92901,0.92926,1.75,1.75
2015.10.05 06:05:10.586,0.92903,0.92922,1.00,1.00
2015.10.05 06:05:10.687,0.92901,0.92926,1.75,1.75
2015.10.05 06:05:12.071,0.92903,0.92925,1.50,1.00
2015.10.05 06:05:12.173,0.92903,0.92927,1.75,1.12
2015.10.05 06:05:12.274,0.92904,0.92927,1.75,1.37
2015.10.05 06:05:12.476,0.92902,0.92926,1.75,1.75
2015.10.05 06:05:12.628,0.92904,0.92924,1.00,1.00
2015.10.05 06:05:12.880,0.929,0.92926,1.75,1.75
2015.10.05 06:05:13.799,0.92901,0.9292,1.00,1.00
2015.10.05 06:05:14.403,0.929,0.92926,1.75,1.75
2015.10.05 06:05:14.453,0.929,0.92926,1.75,1.75
2015.10.05 06:05:16.277,0.92902,0.92924,1.50,1.00
2015.10.05 06:05:17.555,0.92903,0.92923,1.00,1.00
2015.10.05 06:05:18.284,0.929,0.92926,1.75,1.75
2015.10.05 06:05:18.385,0.929,0.92926,1.50,1.75
2015.10.05 06:05:24.053,0.929,0.92926,1.75,1.75
2015.10.05 06:05:24.103,0.92903,0.92922,1.00,1.00
2015.10.05 06:05:25.081,0.929,0.92926,1.75,1.75
2015.10.05 06:05:25.669,0.929,0.92926,1.75,1.75
2015.10.05 06:05:26.173,0.92897,0.92926,1.75,1.75
2015.10.05 06:05:31.393,0.929,0.92927,1.75,3.75
2015.10.05 06:05:31.545,0.92897,0.92927,1.75,5.25
2015.10.05 06:05:33.115,0.92899,0.92922,1.75,1.75
2015.10.05 06:05:33.317,0.92899,0.92919,1.00,1.00
2015.10.05 06:05:34.985,0.92897,0.92921,1.75,1.75
2015.10.05 06:05:35.237,0.92898,0.92921,1.75,1.75
2015.10.05 06:05:47.420,0.92897,0.92921,1.75,1.50
2015.10.05 06:05:47.923,0.929,0.92921,1.50,1.37
2015.10.05 06:05:48.923,0.92901,0.92921,1.00,1.50
2015.10.05 06:05:49.226,0.92898,0.92921,1.75,1.12
2015.10.05 06:05:49.756,0.92899,0.92921,1.75,1.37
2015.10.05 06:05:50.564,0.92898,0.92921,1.75,1.12
2015.10.05 06:05:50.715,0.92901,0.92921,1.00,1.50
2015.10.05 06:05:51.378,0.92901,0.9292,1.00,1.00
2015.10.05 06:05:51.892,0.92902,0.92921,1.00,1.00
2015.10.05 06:05:52.516,0.92899,0.92921,1.75,1.12
2015.10.05 06:05:53.020,0.92899,0.92921,1.75,1.50
2015.10.05 06:05:53.535,0.92902,0.92921,1.00,1.00
2015.10.05 06:05:55.055,0.92902,0.92921,1.00,1.37
2015.10.05 06:05:58.507,0.92898,0.92925,1.75,3.00
2015.10.05 06:05:59.044,0.92898,0.92921,1.50,1.75
2015.10.05 06:05:59.736,0.92899,0.92921,1.75,1.50
2015.10.05 06:06:00.399,0.92899,0.92921,1.75,1.50
2015.10.05 06:06:00.903,0.92902,0.92921,1.00,1.37
2015.10.05 06:06:04.516,0.92899,0.92921,1.75,1.37
2015.10.05 06:06:05.270,0.92898,0.92921,1.75,1.75
2015.10.05 06:06:05.320,0.92902,0.92921,1.00,1.00
2015.10.05 06:06:05.817,0.929,0.92921,1.50,1.37
2015.10.05 06:06:05.867,0.929,0.92921,1.12,1.75
2015.10.05 06:06:05.969,0.92901,0.9292,1.00,1.00
2015.10.05 06:06:08.946,0.92897,0.92921,1.75,1.75
2015.10.05 06:06:09.098,0.92897,0.92921,1.75,1.75
2015.10.05 06:06:11.810,0.929,0.92921,1.00,1.50
2015.10.05 06:06:12.314,0.92898,0.92921,1.75,1.75
2015.10.05 06:06:13.042,0.929,0.92921,1.12,1.75
2015.10.05 06:06:13.586,0.92899,0.92921,1.75,1.50
2015.10.05 06:06:14.434,0.929,0.92921,1.37,1.50
2015.10.05 06:06:15.291,0.929,0.92921,1.12,1.50
2015.10.05 06:06:16.225,0.92901,0.92922,1.00,1.75
2015.10.05 06:06:16.996,0.929,0.92922,1.12,1.75
2015.10.05 06:06:21.044,0.92897,0.92921,1.75,1.50
2015.10.05 06:06:21.145,0.92899,0.92918,1.00,1.00
2015.10.05 06:06:21.297,0.92897,0.92921,1.37,1.75
2015.10.05 06:06:21.348,0.92897,0.92921,1.00,3.00
2015.10.05 06:06:21.848,0.92892,0.92917,1.37,1.75
2015.10.05 06:06:21.898,0.92892,0.92917,1.12,4.50
2015.10.05 06:06:21.949,0.9289,0.92917,1.75,1.75
2015.10.05 06:06:22.101,0.92888,0.92915,1.50,2.25
2015.10.05 06:06:22.151,0.92888,0.92914,1.50,2.25
2015.10.05 06:06:22.252,0.92887,0.92907,1.50,1.00
2015.10.05 06:06:23.762,0.92889,0.92907,1.00,1.00
2015.10.05 06:06:24.254,0.92887,0.92907,1.50,1.00
2015.10.05 06:06:24.758,0.92888,0.92907,1.00,1.00
2015.10.05 06:06:25.290,0.92886,0.92911,1.50,1.75
2015.10.05 06:06:25.816,0.92887,0.92911,1.12,1.75
2015.10.05 06:06:26.320,0.92885,0.92911,1.75,1.75
2015.10.05 06:06:27.216,0.92883,0.92911,1.75,1.75
2015.10.05 06:06:27.720,0.92887,0.92911,1.12,1.75
2015.10.05 06:06:27.922,0.92888,0.92907,1.00,1.00
2015.10.05 06:06:28.431,0.92887,0.92907,1.00,1.00
2015.10.05 06:06:29.080,0.9289,0.92907,1.00,1.00
2015.10.05 06:06:29.633,0.92887,0.92914,1.75,2.25
2015.10.05 06:06:30.220,0.92889,0.92911,1.00,1.75
2015.10.05 06:06:30.739,0.92888,0.92911,1.37,1.75
2015.10.05 06:06:37.768,0.9289,0.92911,1.00,1.75
2015.10.05 06:06:39.523,0.92889,0.92911,1.12,1.75
2015.10.05 06:06:45.967,0.92888,0.92909,1.37,1.00
2015.10.05 06:06:47.545,0.9289,0.92909,1.00,1.00
2015.10.05 06:06:47.596,0.9289,0.92909,1.37,1.00
2015.10.05 06:06:47.697,0.92892,0.92911,1.37,1.12
2015.10.05 06:06:47.898,0.92893,0.92913,1.50,1.00
2015.10.05 06:06:48.835,0.92902,0.92921,1.12,1.37
2015.10.05 06:06:54.716,0.92903,0.92921,1.12,1.00
2015.10.05 06:06:55.221,0.92904,0.92922,1.00,1.12
2015.10.05 06:06:56.036,0.92902,0.92927,1.50,1.75
2015.10.05 06:06:56.087,0.92904,0.92927,1.50,1.75
2015.10.05 06:06:56.138,0.92904,0.92927,1.75,1.50
2015.10.05 06:06:56.289,0.92902,0.92926,1.75,1.37
2015.10.05 06:06:56.591,0.92904,0.92931,1.50,1.75
2015.10.05 06:06:56.642,0.92904,0.92931,1.75,1.75
2015.10.05 06:06:57.541,0.92907,0.92926,1.37,1.37
2015.10.05 06:06:57.591,0.92902,0.92929,1.75,2.25
2015.10.05 06:07:00.545,0.92903,0.92927,1.75,1.75
2015.10.05 06:07:00.646,0.92906,0.92926,1.00,1.00
2015.10.05 06:07:01.285,0.92906,0.92927,1.50,1.75
2015.10.05 06:07:02.107,0.92904,0.92927,1.75,1.12
2015.10.05 06:07:05.808,0.92905,0.92927,1.75,1.12
2015.10.05 06:07:06.061,0.92906,0.92926,1.00,1.00
2015.10.05 06:07:07.284,0.92904,0.92932,1.75,2.25
2015.10.05 06:07:07.335,0.92905,0.92932,1.75,1.75
2015.10.05 06:07:10.904,0.92902,0.92926,1.75,1.50
2015.10.05 06:07:15.249,0.92902,0.92926,1.75,1.00
2015.10.05 06:07:16.681,0.92906,0.92926,1.00,1.50
2015.10.05 06:07:27.321,0.92897,0.92921,1.75,1.50
2015.10.05 06:07:27.864,0.929,0.92921,1.75,1.00
2015.10.05 06:07:28.482,0.92899,0.92926,1.75,1.75
2015.10.05 06:07:30.252,0.92901,0.92921,1.75,1.00
2015.10.05 06:07:30.618,0.92901,0.92927,1.75,1.75
2015.10.05 06:07:35.657,0.92904,0.92927,1.75,1.75
2015.10.05 06:07:36.221,0.92904,0.92926,1.75,1.00
2015.10.05 06:07:36.625,0.92911,0.92931,1.00,1.00
2015.10.05 06:07:37.072,0.92913,0.92937,1.75,1.75
2015.10.05 06:07:37.375,0.92904,0.92931,1.75,1.75
2015.10.05 06:07:37.677,0.92902,0.92929,1.37,2.25
2015.10.05 06:07:40.682,0.92903,0.92922,1.00,1.00
2015.10.05 06:07:41.035,0.929,0.9292,1.00,1.00
2015.10.05 06:07:43.634,0.929,0.92921,1.50,1.37
2015.10.05 06:07:47.316,0.92898,0.92922,1.75,1.50
2015.10.05 06:07:48.253,0.92898,0.92922,1.75,1.50
2015.10.05 06:07:51.564,0.92897,0.92922,1.75,1.75
2015.10.05 06:07:52.457,0.92899,0.92922,1.75,1.50
2015.10.05 06:07:58.962,0.92901,0.92921,1.00,1.50
2015.10.05 06:07:59.463,0.92902,0.92921,1.00,1.00
2015.10.05 06:08:00.728,0.92901,0.92921,1.75,1.00
2015.10.05 06:08:01.234,0.929,0.92922,1.75,1.00
2015.10.05 06:08:02.994,0.929,0.92922,1.75,1.50
2015.10.05 06:08:04.606,0.92899,0.92922,1.50,1.75
2015.10.05 06:08:05.961,0.92898,0.92926,1.75,1.75
2015.10.05 06:08:06.543,0.929,0.9292,1.50,1.00
2015.10.05 06:08:07.665,0.92898,0.92924,1.50,2.25
2015.10.05 06:08:07.716,0.92898,0.92924,1.12,2.25
2015.10.05 06:08:15.224,0.92897,0.92921,1.75,1.75
2015.10.05 06:08:16.196,0.92897,0.92922,1.75,1.75
2015.10.05 06:08:16.297,0.92896,0.92922,1.75,1.75
2015.10.05 06:08:18.863,0.92896,0.92921,1.75,1.75
2015.10.05 06:08:20.112,0.92896,0.92922,1.75,1.75
2015.10.05 06:08:22.300,0.92898,0.92921,1.75,1.75
2015.10.05 06:08:23.124,0.92898,0.92921,1.50,1.75
2015.10.05 06:08:31.951,0.92896,0.92922,1.75,1.75
2015.10.05 06:08:32.954,0.92897,0.92922,1.00,1.75
2015.10.05 06:08:33.055,0.92894,0.92922,1.75,1.75
2015.10.05 06:08:43.227,0.92898,0.92921,1.00,1.75
2015.10.05 06:08:45.963,0.92899,0.92918,1.00,1.00
2015.10.05 06:08:46.366,0.929,0.9292,1.00,1.00
2015.10.05 06:08:46.885,0.92898,0.92922,1.75,1.50
2015.10.05 06:08:48.821,0.92899,0.92922,1.75,1.12
2015.10.05 06:08:51.181,0.929,0.92922,1.75,1.50
2015.10.05 06:08:54.145,0.92901,0.92922,1.75,1.12
2015.10.05 06:08:55.367,0.92899,0.92922,1.75,1.00
2015.10.05 06:08:55.903,0.92899,0.92922,1.75,1.00
2015.10.05 06:08:57.277,0.92898,0.92922,1.75,1.37
2015.10.05 06:08:57.954,0.92899,0.92922,1.75,1.12
2015.10.05 06:08:59.205,0.92898,0.92922,1.75,1.50
2015.10.05 06:08:59.734,0.92902,0.92922,1.00,1.50
2015.10.05 06:09:04.085,0.92898,0.92922,1.50,1.75
2015.10.05 06:09:04.433,0.92897,0.92917,1.50,1.00
2015.10.05 06:09:05.696,0.92897,0.92921,1.75,1.75
2015.10.05 06:09:05.898,0.92897,0.92921,1.37,1.75
2015.10.05 06:09:06.739,0.92898,0.92921,1.50,1.75
2015.10.05 06:09:07.387,0.92896,0.92916,1.00,1.00
2015.10.05 06:09:08.391,0.92897,0.92916,1.00,1.00
2015.10.05 06:09:09.061,0.92898,0.92916,1.00,1.00
2015.10.05 06:09:09.967,0.92897,0.92916,1.00,1.00
2015.10.05 06:09:10.412,0.92898,0.92921,1.50,1.75
2015.10.05 06:09:10.715,0.92894,0.92914,1.00,1.00
2015.10.05 06:09:11.211,0.92887,0.92913,1.00,2.25
2015.10.05 06:09:11.265,0.92883,0.92911,1.50,1.75
2015.10.05 06:09:11.316,0.92883,0.92908,1.37,2.25
2015.10.05 06:09:11.417,0.9288,0.92906,1.37,3.75
2015.10.05 06:09:11.921,0.9288,0.929,1.00,1.00
2015.10.05 06:09:12.124,0.92882,0.929,1.00,1.00
2015.10.05 06:09:12.675,0.92877,0.92905,1.75,4.50
2015.10.05 06:09:12.983,0.92877,0.92902,1.50,1.75
2015.10.05 06:09:13.345,0.9288,0.92902,1.00,1.75
2015.10.05 06:09:13.446,0.9288,0.92902,1.12,1.75
2015.10.05 06:09:15.192,0.92882,0.92902,1.00,1.75
2015.10.05 06:09:15.759,0.92882,0.92902,1.12,1.75
2015.10.05 06:09:21.007,0.9288,0.92902,1.12,1.75
2015.10.05 06:09:22.381,0.92879,0.92902,1.12,1.75
2015.10.05 06:09:25.842,0.92879,0.92902,1.12,1.75
2015.10.05 06:09:26.245,0.92875,0.92901,1.37,2.25
2015.10.05 06:09:27.249,0.92873,0.929,1.50,2.25
2015.10.05 06:09:32.552,0.92873,0.929,1.75,1.75
2015.10.05 06:09:32.653,0.92874,0.92902,1.75,1.75
2015.10.05 06:09:32.855,0.92881,0.92901,1.00,1.00
2015.10.05 06:09:33.570,0.92883,0.9291,1.12,2.25
2015.10.05 06:09:34.112,0.92881,0.92909,1.75,2.25
2015.10.05 06:09:34.363,0.92881,0.92901,1.50,1.00
2015.10.05 06:09:35.749,0.92879,0.92907,1.75,1.75
2015.10.05 06:09:36.051,0.92882,0.92902,1.50,1.00
2015.10.05 06:09:37.104,0.92883,0.92902,1.00,1.00
2015.10.05 06:09:37.376,0.92881,0.92907,1.12,1.75
2015.10.05 06:09:39.022,0.9288,0.92907,1.75,1.75
2015.10.05 06:09:39.532,0.9288,0.92907,1.75,1.75
2015.10.05 06:09:40.074,0.92882,0.92907,1.75,1.75
2015.10.05 06:09:48.882,0.92887,0.92906,1.00,1.00
2015.10.05 06:09:48.985,0.92881,0.92907,4.50,1.12
2015.10.05 06:09:49.489,0.92884,0.92916,3.00,1.75
2015.10.05 06:09:49.590,0.92888,0.92916,1.75,1.75
2015.10.05 06:09:49.691,0.9289,0.92916,1.75,1.50
2015.10.05 06:09:50.180,0.92894,0.92916,1.75,1.12
2015.10.05 06:09:50.493,0.92897,0.92921,1.75,1.00
2015.10.05 06:09:50.997,0.92902,0.92921,1.00,1.50
2015.10.05 06:09:55.131,0.92896,0.92922,4.50,1.50
2015.10.05 06:09:55.684,0.92897,0.92922,1.75,1.75
2015.10.05 06:10:00.575,0.92901,0.92922,1.00,1.75
2015.10.05 06:10:00.827,0.92895,0.92922,1.75,1.75
2015.10.05 06:10:01.367,0.92894,0.92922,1.75,1.75
2015.10.05 06:10:02.770,0.92894,0.92922,1.75,1.75
2015.10.05 06:10:04.123,0.92895,0.92922,1.75,1.75
2015.10.05 06:10:06.714,0.929,0.92919,1.00,1.00
2015.10.05 06:10:07.330,0.92898,0.92918,1.00,1.00
2015.10.05 06:10:09.285,0.92895,0.92918,1.75,1.00
2015.10.05 06:10:09.960,0.92896,0.92922,1.75,1.75
2015.10.05 06:10:10.479,0.92896,0.92922,1.75,1.75
2015.10.05 06:10:11.496,0.929,0.92919,1.00,1.00
2015.10.05 06:10:12.033,0.92897,0.92922,1.75,1.75
2015.10.05 06:10:12.997,0.92897,0.92922,1.50,1.75
2015.10.05 06:10:15.196,0.92897,0.92921,1.00,1.75
2015.10.05 06:10:15.698,0.92896,0.92917,1.00,1.75
2015.10.05 06:10:17.008,0.92891,0.92917,1.75,1.75
2015.10.05 06:10:17.554,0.92893,0.92917,1.75,1.75
2015.10.05 06:10:18.008,0.92895,0.92916,1.00,1.50
2015.10.05 06:10:19.093,0.92895,0.92915,1.00,1.00
2015.10.05 06:10:19.617,0.92891,0.92916,1.75,1.75
2015.10.05 06:10:20.520,0.92891,0.92916,1.75,1.75
2015.10.05 06:10:22.025,0.92891,0.92917,1.75,1.75
2015.10.05 06:10:22.792,0.92891,0.92917,1.75,1.75
2015.10.05 06:10:24.726,0.9289,0.92917,1.75,1.75
2015.10.05 06:10:25.129,0.92891,0.92915,1.75,1.00
2015.10.05 06:10:26.258,0.92897,0.92922,1.75,1.75
2015.10.05 06:10:28.668,0.92897,0.92921,1.50,1.75
2015.10.05 06:10:31.562,0.92893,0.9292,1.50,2.25
2015.10.05 06:10:31.663,0.92891,0.92911,1.00,1.00
2015.10.05 06:10:32.261,0.92885,0.92912,1.50,2.25
2015.10.05 06:10:32.786,0.92884,0.92911,1.50,1.75
2015.10.05 06:10:34.358,0.92887,0.92911,1.75,1.50
2015.10.05 06:10:34.409,0.92891,0.92911,1.00,1.00
2015.10.05 06:10:34.460,0.92889,0.92911,1.75,1.00
2015.10.05 06:10:35.224,0.92891,0.92916,1.37,1.75
2015.10.05 06:10:35.966,0.9289,0.92916,1.75,1.75
2015.10.05 06:10:41.830,0.92899,0.92927,1.75,2.25
2015.10.05 06:10:42.285,0.9289,0.9292,2.25,1.75
2015.10.05 06:10:43.149,0.92899,0.92923,1.00,1.75
2015.10.05 06:10:43.250,0.92891,0.92921,4.50,1.75
2015.10.05 06:10:44.915,0.92892,0.92923,1.75,1.75
2015.10.05 06:10:45.017,0.92892,0.92924,1.75,2.25
2015.10.05 06:10:45.522,0.92894,0.92925,2.25,2.25
2015.10.05 06:10:46.081,0.92897,0.92917,1.00,1.00
2015.10.05 06:10:46.553,0.92896,0.92923,1.00,2.25
2015.10.05 06:10:47.078,0.92894,0.92923,2.25,2.25
2015.10.05 06:10:49.358,0.92897,0.92925,1.75,2.25
2015.10.05 06:10:49.459,0.92897,0.92916,1.00,1.00
2015.10.05 06:10:49.963,0.92896,0.92923,1.00,3.75
2015.10.05 06:10:50.713,0.92895,0.9292,1.00,2.25
2015.10.05 06:10:51.295,0.92894,0.92921,1.75,3.75
2015.10.05 06:10:52.131,0.92894,0.92922,2.25,2.25
2015.10.05 06:10:52.585,0.92894,0.92917,2.25,1.00
2015.10.05 06:10:52.687,0.92897,0.92923,1.00,2.25
2015.10.05 06:10:52.939,0.92897,0.92917,1.00,1.00
2015.10.05 06:10:52.990,0.92897,0.92923,1.00,2.25
2015.10.05 06:10:54.014,0.92903,0.92924,1.37,2.25
2015.10.05 06:10:54.065,0.92903,0.92931,1.75,3.75
2015.10.05 06:10:55.264,0.92903,0.9293,2.25,2.25
2015.10.05 06:10:55.786,0.92904,0.9293,1.12,2.25
2015.10.05 06:10:56.311,0.92905,0.9293,1.00,2.25
2015.10.05 06:10:57.607,0.92903,0.9293,1.37,2.25
2015.10.05 06:11:00.371,0.92902,0.92927,1.00,2.25
2015.10.05 06:11:00.674,0.92898,0.92925,1.50,2.25
2015.10.05 06:11:01.409,0.92898,0.92917,1.00,1.00
2015.10.05 06:11:01.919,0.92899,0.92924,1.12,2.25
2015.10.05 06:11:03.033,0.92899,0.92924,1.50,2.25
2015.10.05 06:11:03.083,0.929,0.9292,1.00,1.00
2015.10.05 06:11:05.137,0.92896,0.92924,2.25,1.50
2015.10.05 06:11:05.188,0.92897,0.92928,2.25,1.75
2015.10.05 06:11:05.289,0.92899,0.92928,1.75,3.00
2015.10.05 06:11:05.491,0.92902,0.92922,1.00,1.00
2015.10.05 06:11:06.531,0.92899,0.92928,1.75,1.75
2015.10.05 06:11:07.040,0.92899,0.92928,1.75,4.50
2015.10.05 06:11:08.322,0.92901,0.92921,1.00,1.00
2015.10.05 06:11:08.423,0.92896,0.92926,1.75,1.75
2015.10.05 06:11:09.027,0.92901,0.9292,1.00,1.00
2015.10.05 06:11:09.528,0.92897,0.92928,1.75,1.75
2015.10.05 06:11:09.790,0.92904,0.9293,1.00,2.25
2015.10.05 06:11:09.992,0.92904,0.92924,1.50,1.00
2015.10.05 06:11:12.350,0.92904,0.9293,1.12,2.25
2015.10.05 06:11:12.663,0.92899,0.92925,1.87,2.25
2015.10.05 06:11:12.864,0.92891,0.92921,1.75,2.25
2015.10.05 06:11:13.410,0.92893,0.9292,1.37,2.25
2015.10.05 06:11:13.511,0.92893,0.92922,1.75,2.25
2015.10.05 06:11:18.493,0.92893,0.92922,1.75,2.25
2015.10.05 06:11:18.594,0.92899,0.92923,1.00,2.25
2015.10.05 06:11:19.146,0.92899,0.92922,1.00,2.25
2015.10.05 06:11:19.397,0.92893,0.92922,1.75,2.25
2015.10.05 06:11:19.612,0.92899,0.92922,1.00,2.25
2015.10.05 06:11:21.330,0.92894,0.92922,1.75,2.25
2015.10.05 06:11:21.867,0.92894,0.92922,1.75,2.25
2015.10.05 06:11:21.918,0.92898,0.92918,1.00,1.00
2015.10.05 06:11:22.465,0.92899,0.92918,1.00,1.00
2015.10.05 06:11:24.494,0.92899,0.92924,1.00,4.50
2015.10.05 06:11:26.041,0.92899,0.92923,1.00,2.25
2015.10.05 06:11:29.052,0.92898,0.92923,1.12,2.25
2015.10.05 06:11:30.203,0.92899,0.92923,1.00,2.25
2015.10.05 06:11:32.280,0.92899,0.92921,1.00,2.25
2015.10.05 06:11:32.584,0.92894,0.92921,1.37,2.25
2015.10.05 06:11:33.089,0.92894,0.92913,1.00,1.00
2015.10.05 06:11:34.841,0.92894,0.92919,1.12,3.75
2015.10.05 06:11:38.407,0.92899,0.92919,1.37,2.25
2015.10.05 06:11:38.457,0.92899,0.92927,1.75,3.00
2015.10.05 06:11:41.301,0.92899,0.92927,1.75,3.00
2015.10.05 06:11:41.352,0.92896,0.92927,3.75,1.75
2015.10.05 06:11:41.453,0.929,0.92931,1.75,2.25
2015.10.05 06:11:41.655,0.92904,0.92931,1.75,1.75
2015.10.05 06:11:42.938,0.92904,0.9293,1.50,2.25
2015.10.05 06:11:43.291,0.92902,0.92932,1.75,2.25
2015.10.05 06:11:43.598,0.92909,0.92933,1.00,3.75
2015.10.05 06:11:44.355,0.92905,0.92925,1.00,1.00
2015.10.05 06:11:44.558,0.92904,0.92931,1.50,2.25
2015.10.05 06:11:44.659,0.92905,0.92925,1.00,1.00
2015.10.05 06:11:44.761,0.92904,0.92931,1.50,2.25
2015.10.05 06:11:45.075,0.92904,0.92932,1.75,2.25
2015.10.05 06:11:45.462,0.92902,0.92932,1.75,2.25
2015.10.05 06:11:49.218,0.92899,0.92931,1.75,2.25
2015.10.05 06:11:49.269,0.92899,0.9293,1.75,2.25
2015.10.05 06:11:49.851,0.92899,0.92925,1.75,1.75
2015.10.05 06:11:50.372,0.929,0.92919,1.00,1.00
2015.10.05 06:11:51.627,0.92899,0.92924,1.75,1.75
2015.10.05 06:11:51.779,0.92899,0.92924,1.00,1.75
2015.10.05 06:11:52.283,0.92894,0.92926,1.75,3.75
2015.10.05 06:11:53.600,0.92899,0.92926,1.00,3.00
2015.10.05 06:11:54.192,0.92893,0.92925,2.25,1.75
2015.10.05 06:11:57.564,0.92894,0.92923,1.50,2.25
2015.10.05 06:11:57.614,0.92894,0.92922,1.50,2.25
2015.10.05 06:11:58.760,0.92894,0.92922,1.75,2.25
2015.10.05 06:11:58.811,0.92897,0.92917,1.00,1.00
2015.10.05 06:11:59.546,0.92893,0.92922,1.75,2.25
2015.10.05 06:11:59.849,0.92894,0.92914,1.50,1.00
2015.10.05 06:12:00.216,0.92894,0.92922,2.25,2.25
2015.10.05 06:12:01.057,0.92894,0.92923,2.25,2.25
2015.10.05 06:12:01.360,0.92896,0.92924,1.75,2.25
2015.10.05 06:12:02.549,0.92899,0.92924,1.50,2.25
2015.10.05 06:12:03.212,0.92899,0.92929,2.25,2.25
2015.10.05 06:12:06.520,0.92902,0.92928,1.12,2.25
2015.10.05 06:12:14.248,0.92898,0.92928,2.25,2.25
2015.10.05 06:12:14.300,0.929,0.92929,1.75,2.25
2015.10.05 06:12:14.804,0.92899,0.92931,1.75,3.75
2015.10.05 06:12:19.307,0.92898,0.92923,1.12,2.25
2015.10.05 06:12:19.660,0.92898,0.92922,1.00,2.25
2015.10.05 06:12:21.178,0.92898,0.92923,1.12,2.25
2015.10.05 06:12:27.472,0.92897,0.92925,1.37,3.75
2015.10.05 06:12:35.638,0.92897,0.92917,1.00,1.00
2015.10.05 06:12:43.259,0.92895,0.92925,1.75,1.75
2015.10.05 06:12:43.952,0.92897,0.92927,1.75,1.75
2015.10.05 06:12:44.005,0.929,0.9292,1.00,1.00
2015.10.05 06:12:45.863,0.92895,0.92925,1.75,1.75
2015.10.05 06:12:46.405,0.92894,0.92924,1.75,2.25
2015.10.05 06:12:50.118,0.92894,0.92924,1.75,2.25
2015.10.05 06:12:50.819,0.92893,0.92922,1.75,2.25
2015.10.05 06:12:51.332,0.92893,0.92919,1.50,3.75
2015.10.05 06:12:51.484,0.92888,0.92917,1.75,3.00
2015.10.05 06:12:51.585,0.92889,0.92917,1.75,1.75
2015.10.05 06:12:51.787,0.92889,0.92921,1.75,6.00
2015.10.05 06:12:52.257,0.92891,0.92923,1.75,3.00
2015.10.05 06:12:52.610,0.92894,0.92917,2.25,1.00
2015.10.05 06:12:53.171,0.92894,0.92924,1.75,1.75
2015.10.05 06:12:55.661,0.92894,0.92926,1.75,3.00
2015.10.05 06:12:56.420,0.92898,0.92918,1.00,1.00
2015.10.05 06:12:57.174,0.92896,0.92925,1.75,1.75
2015.10.05 06:12:57.770,0.929,0.92919,1.00,1.00
2015.10.05 06:12:58.078,0.929,0.92929,1.75,3.75
2015.10.05 06:12:58.230,0.92901,0.92929,1.50,2.25
2015.10.05 06:12:58.280,0.929,0.92931,1.75,3.75
2015.10.05 06:13:00.113,0.92904,0.92929,1.12,2.25
2015.10.05 06:13:01.594,0.92904,0.92924,1.00,1.00
2015.10.05 06:13:16.220,0.92899,0.92928,2.25,1.75
2015.10.05 06:13:16.952,0.92902,0.92922,1.00,1.00
2015.10.05 06:13:17.003,0.92899,0.92928,2.25,1.75
2015.10.05 06:13:22.258,0.92899,0.92928,2.25,1.75
2015.10.05 06:13:22.883,0.929,0.92931,1.75,3.00
2015.10.05 06:13:22.933,0.92903,0.92932,1.75,3.75
2015.10.05 06:13:23.034,0.92903,0.92931,1.75,1.75
2015.10.05 06:13:23.642,0.92906,0.92936,1.75,1.75
2015.10.05 06:13:23.945,0.92906,0.92937,3.00,2.25
2015.10.05 06:13:24.287,0.92908,0.92937,1.75,1.75
2015.10.05 06:13:29.800,0.92905,0.92935,1.75,3.00
2015.10.05 06:13:29.850,0.92905,0.92934,1.75,3.00
2015.10.05 06:13:30.512,0.92901,0.92933,1.75,3.00
2015.10.05 06:13:34.034,0.92904,0.92936,3.75,2.25
2015.10.05 06:13:34.538,0.92909,0.92937,1.75,3.00
2015.10.05 06:13:35.092,0.92909,0.92936,1.75,1.75
2015.10.05 06:13:35.616,0.92911,0.9293,1.00,1.00
2015.10.05 06:13:40.963,0.92907,0.92936,1.75,3.00
2015.10.05 06:13:44.141,0.92908,0.92934,1.12,2.25
2015.10.05 06:13:44.568,0.9291,0.92926,1.00,1.00
2015.10.05 06:13:45.255,0.92909,0.92933,1.00,3.75
2015.10.05 06:13:47.827,0.9291,0.92935,1.37,2.25
2015.10.05 06:13:47.879,0.9291,0.92938,1.50,2.25
2015.10.05 06:13:48.382,0.9291,0.92935,1.00,2.25
2015.10.05 06:13:49.126,0.92907,0.92935,1.75,1.75
2015.10.05 06:13:49.176,0.92914,0.92934,1.00,1.00
2015.10.05 06:13:49.680,0.92912,0.92934,1.75,1.00
2015.10.05 06:13:51.432,0.92915,0.92942,1.50,1.75
2015.10.05 06:13:51.958,0.92915,0.92942,1.37,2.25
2015.10.05 06:13:52.910,0.92913,0.92935,1.37,2.25
2015.10.05 06:13:52.963,0.92904,0.92934,1.75,1.75
2015.10.05 06:13:53.114,0.92907,0.9293,1.75,1.00
2015.10.05 06:13:54.401,0.92911,0.92937,1.00,2.25
2015.10.05 06:13:54.804,0.92912,0.92938,1.37,2.25
2015.10.05 06:13:54.855,0.92912,0.92942,1.75,3.00
2015.10.05 06:13:54.905,0.92912,0.92937,1.50,2.25
2015.10.05 06:13:55.006,0.9291,0.92935,1.00,3.75
2015.10.05 06:13:55.108,0.92906,0.92933,1.75,2.25
2015.10.05 06:13:55.987,0.9291,0.9293,1.00,1.00
2015.10.05 06:14:00.433,0.92911,0.9293,1.00,1.00
2015.10.05 06:14:00.637,0.92908,0.92936,1.75,1.75
2015.10.05 06:14:00.688,0.92913,0.92933,1.00,1.00
2015.10.05 06:14:00.739,0.92908,0.92933,2.25,1.00
2015.10.05 06:14:01.442,0.9291,0.92936,1.75,1.75
2015.10.05 06:14:01.963,0.92913,0.92936,1.00,1.75
2015.10.05 06:14:02.064,0.92912,0.92932,1.00,1.00
2015.10.05 06:14:02.115,0.92912,0.92936,1.00,1.75
2015.10.05 06:14:03.390,0.92912,0.92932,1.00,1.00
2015.10.05 06:14:03.743,0.92912,0.92939,1.50,2.25
2015.10.05 06:14:04.248,0.92912,0.92939,1.75,2.25
2015.10.05 06:14:04.795,0.92914,0.92934,1.00,1.00
2015.10.05 06:14:05.354,0.92912,0.92938,1.75,2.25
2015.10.05 06:14:06.384,0.92909,0.92938,2.25,2.25
2015.10.05 06:14:07.029,0.92909,0.92932,2.25,1.00
2015.10.05 06:14:09.639,0.92908,0.92937,1.75,3.00
2015.10.05 06:14:10.271,0.92908,0.92937,1.75,1.75
2015.10.05 06:14:14.141,0.9291,0.9293,1.00,1.00
2015.10.05 06:14:16.377,0.92908,0.92934,1.50,2.25
2015.10.05 06:14:22.403,0.92903,0.92934,2.25,3.00
2015.10.05 06:14:23.596,0.92903,0.92934,2.25,2.25
2015.10.05 06:14:23.697,0.92903,0.92935,3.75,1.75
2015.10.05 06:14:30.581,0.92904,0.92931,1.50,1.75
2015.10.05 06:14:30.686,0.92904,0.92928,1.75,1.75
2015.10.05 06:14:30.887,0.929,0.92928,1.75,1.75
2015.10.05 06:14:32.183,0.929,0.9293,1.75,1.75
2015.10.05 06:14:34.847,0.929,0.92929,1.75,2.25
2015.10.05 06:14:35.100,0.92898,0.92928,2.25,2.25
2015.10.05 06:14:35.642,0.92898,0.92926,2.25,2.25
2015.10.05 06:14:36.236,0.92899,0.92926,1.37,2.25
2015.10.05 06:14:36.338,0.92899,0.92928,1.75,1.75
2015.10.05 06:14:37.034,0.92898,0.92928,1.75,3.00
2015.10.05 06:14:37.135,0.92899,0.92927,1.75,2.25
2015.10.05 06:14:37.643,0.92898,0.92927,2.25,1.75
2015.10.05 06:14:39.909,0.92898,0.92927,1.75,3.00
2015.10.05 06:14:44.527,0.92899,0.92926,1.75,1.75
2015.10.05 06:14:44.729,0.92899,0.92927,1.50,3.00
2015.10.05 06:14:45.432,0.92899,0.92929,2.25,4.50
2015.10.05 06:14:49.837,0.92899,0.9293,1.75,5.25
2015.10.05 06:14:50.381,0.92899,0.92928,1.75,3.75
2015.10.05 06:14:50.885,0.92899,0.92928,1.75,3.75
2015.10.05 06:14:54.654,0.92902,0.92921,1.00,1.00
2015.10.05 06:14:55.357,0.92899,0.92928,1.75,2.25
2015.10.05 06:14:55.985,0.92894,0.92921,1.50,2.25
2015.10.05 06:14:56.146,0.92894,0.9292,1.50,2.25
2015.10.05 06:14:56.965,0.92889,0.92918,1.75,1.75
2015.10.05 06:14:57.515,0.92894,0.92918,1.00,3.00
2015.10.05 06:14:57.866,0.92889,0.92918,1.75,3.00
2015.10.05 06:14:58.549,0.92889,0.92919,1.75,2.25
2015.10.05 06:14:59.595,0.9289,0.92919,1.75,1.75
2015.10.05 06:14:59.646,0.92889,0.9292,2.25,1.75
2015.10.05 06:15:00.662,0.92888,0.92918,1.75,1.75
2015.10.05 06:15:01.153,0.92888,0.92916,1.75,1.75
2015.10.05 06:15:01.659,0.92883,0.92915,3.00,1.75
2015.10.05 06:15:02.162,0.92885,0.92915,1.75,1.75
2015.10.05 06:15:04.618,0.92888,0.92916,1.75,1.75
2015.10.05 06:15:04.670,0.92892,0.92912,1.00,1.00
2015.10.05 06:15:04.772,0.92888,0.92917,2.25,3.00
2015.10.05 06:15:05.553,0.92888,0.92916,1.75,3.00
2015.10.05 06:15:06.963,0.92888,0.92915,1.00,3.00
2015.10.05 06:15:08.799,0.92884,0.92913,1.75,1.75
2015.10.05 06:15:10.000,0.9289,0.92909,1.00,1.00
2015.10.05 06:15:10.277,0.92889,0.92916,1.75,1.75
2015.10.05 06:15:10.766,0.92889,0.92916,1.75,1.75
2015.10.05 06:15:12.979,0.92884,0.92912,2.25,1.75
2015.10.05 06:15:13.483,0.92887,0.9291,1.00,1.75
2015.10.05 06:15:13.584,0.92886,0.9291,1.00,1.75
2015.10.05 06:15:13.786,0.92879,0.92905,1.75,1.75
2015.10.05 06:15:14.668,0.9288,0.929,1.00,1.00
2015.10.05 06:15:15.209,0.92881,0.92901,1.00,1.00
2015.10.05 06:15:16.988,0.92879,0.92907,1.75,1.75
2015.10.05 06:15:17.392,0.92879,0.92907,1.75,2.25
2015.10.05 06:15:17.442,0.9288,0.929,1.00,1.00
2015.10.05 06:15:17.493,0.92879,0.92898,1.50,1.00
2015.10.05 06:15:20.306,0.92874,0.92905,2.25,1.75
2015.10.05 06:15:20.608,0.92873,0.92905,4.50,1.75
2015.10.05 06:15:26.172,0.92879,0.92898,1.00,1.00
2015.10.05 06:15:26.324,0.92874,0.92904,1.75,1.75
2015.10.05 06:15:26.425,0.92878,0.92898,1.50,1.00
2015.10.05 06:15:26.727,0.92881,0.9291,1.75,1.75
2015.10.05 06:15:27.029,0.92884,0.92913,2.25,1.75
2015.10.05 06:15:34.433,0.92889,0.92912,1.50,1.75
2015.10.05 06:15:35.899,0.9289,0.9291,1.00,1.00
2015.10.05 06:15:36.201,0.92894,0.9291,1.00,1.00
2015.10.05 06:15:36.353,0.9289,0.9291,1.00,1.00
2015.10.05 06:15:36.454,0.92889,0.92915,1.75,1.75
2015.10.05 06:15:36.997,0.92893,0.92918,1.75,1.75
2015.10.05 06:15:38.560,0.92893,0.92912,1.00,1.00
2015.10.05 06:15:39.171,0.92894,0.92914,1.00,1.00
2015.10.05 06:15:40.576,0.92893,0.92912,1.00,1.00
2015.10.05 06:15:40.677,0.92891,0.92911,1.00,1.00
2015.10.05 06:15:42.678,0.92888,0.92914,1.75,1.75
2015.10.05 06:15:46.047,0.92891,0.92916,1.00,1.75
2015.10.05 06:15:46.949,0.92889,0.92917,1.75,1.75
2015.10.05 06:15:47.000,0.92889,0.92917,1.75,1.75
2015.10.05 06:15:47.935,0.92894,0.92914,1.00,1.00
2015.10.05 06:15:49.895,0.92889,0.92916,1.75,1.75
2015.10.05 06:15:52.065,0.92891,0.92911,1.00,1.00
2015.10.05 06:15:56.883,0.92889,0.92917,2.25,1.75
2015.10.05 06:15:57.186,0.92895,0.92915,1.00,1.00
2015.10.05 06:15:57.734,0.92894,0.92921,1.75,3.00
2015.10.05 06:15:58.883,0.92897,0.92917,1.00,1.00
2015.10.05 06:15:59.432,0.92894,0.92919,1.75,1.75
2015.10.05 06:16:00.459,0.92894,0.92919,1.37,1.75
2015.10.05 06:16:00.509,0.92893,0.92913,1.50,1.00
2015.10.05 06:16:00.711,0.92893,0.92915,1.12,1.75
2015.10.05 06:16:04.707,0.92893,0.92922,2.25,3.00
2015.10.05 06:16:04.909,0.92898,0.92926,1.75,3.00
2015.10.05 06:16:05.010,0.92902,0.92922,1.00,1.00
2015.10.05 06:16:05.362,0.92904,0.92922,1.00,1.00
2015.10.05 06:16:05.471,0.92902,0.92922,1.00,1.00
2015.10.05 06:16:06.563,0.92899,0.92925,1.37,2.25
2015.10.05 06:16:06.614,0.9289,0.92916,2.25,1.37
2015.10.05 06:16:08.996,0.92898,0.92917,1.00,1.00
2015.10.05 06:16:11.502,0.92893,0.9292,1.75,1.75
2015.10.05 06:16:12.405,0.92897,0.92917,1.00,1.00
2015.10.05 06:16:12.608,0.92894,0.92919,1.12,2.25
2015.10.05 06:16:12.911,0.92899,0.92916,1.00,1.75
2015.10.05 06:16:14.619,0.92899,0.92918,1.00,1.75
2015.10.05 06:16:15.257,0.92894,0.92917,1.00,1.75
2015.10.05 06:16:15.774,0.92894,0.92917,1.12,1.75
2015.10.05 06:16:17.570,0.92894,0.92923,1.75,1.75
2015.10.05 06:16:22.202,0.92898,0.92922,1.00,1.75
2015.10.05 06:16:22.804,0.92897,0.9292,1.00,1.75
2015.10.05 06:16:31.336,0.9289,0.92912,1.87,1.87
2015.10.05 06:16:31.387,0.92884,0.92909,1.75,1.75
2015.10.05 06:16:35.390,0.92884,0.92909,1.75,1.75
2015.10.05 06:16:35.847,0.92889,0.9291,1.00,1.75
2015.10.05 06:16:36.151,0.92889,0.92908,1.00,1.00
2015.10.05 06:16:41.137,0.92888,0.92912,1.37,1.75
2015.10.05 06:16:45.969,0.92889,0.9291,1.50,1.75
2015.10.05 06:16:46.566,0.92889,0.92906,1.00,1.00
2015.10.05 06:16:50.596,0.92889,0.92908,1.00,1.75
2015.10.05 06:16:50.798,0.92888,0.92913,1.75,1.75
2015.10.05 06:16:50.899,0.92888,0.92913,1.75,1.75
2015.10.05 06:16:51.359,0.92894,0.92917,1.37,3.00
2015.10.05 06:16:51.410,0.92894,0.92917,1.75,1.75
2015.10.05 06:16:51.713,0.92899,0.92921,1.00,1.75
2015.10.05 06:16:51.814,0.92899,0.92918,1.00,1.00
2015.10.05 06:16:51.864,0.92899,0.92921,1.00,1.75
2015.10.05 06:16:53.704,0.92899,0.9292,1.12,1.75
2015.10.05 06:16:55.553,0.92899,0.92926,1.75,3.00
2015.10.05 06:16:55.604,0.92899,0.9293,1.75,3.00
2015.10.05 06:16:55.705,0.92904,0.92932,1.75,1.75
2015.10.05 06:16:55.806,0.92909,0.92929,1.00,1.00
2015.10.05 06:16:56.008,0.92912,0.92931,1.00,1.00
2015.10.05 06:16:58.375,0.92908,0.92935,1.75,1.75
2015.10.05 06:16:58.426,0.92913,0.92933,1.00,1.00
2015.10.05 06:16:58.476,0.92909,0.92936,3.75,1.75
2015.10.05 06:16:58.577,0.92912,0.92942,2.25,1.75
2015.10.05 06:16:58.678,0.92917,0.92942,2.25,1.12
2015.10.05 06:16:59.166,0.92914,0.92942,1.75,1.75
2015.10.05 06:16:59.469,0.92919,0.92946,1.37,4.50
2015.10.05 06:16:59.873,0.9291,0.9294,3.00,2.25
2015.10.05 06:16:59.924,0.92908,0.92937,1.75,1.75
2015.10.05 06:17:00.176,0.92908,0.92936,1.75,1.75
2015.10.05 06:17:00.227,0.92908,0.92936,1.75,1.75
2015.10.05 06:17:00.660,0.92908,0.92935,1.75,1.75
2015.10.05 06:17:01.162,0.92908,0.92936,1.75,1.75
2015.10.05 06:17:01.314,0.92908,0.92937,1.75,1.75
2015.10.05 06:17:01.416,0.9291,0.92937,2.25,1.37
2015.10.05 06:17:01.718,0.92909,0.92938,1.75,1.75
2015.10.05 06:17:02.269,0.9291,0.9293,1.00,1.00
2015.10.05 06:17:03.927,0.92908,0.92936,1.75,1.75
2015.10.05 06:17:05.895,0.92908,0.92935,1.75,1.75
2015.10.05 06:17:05.996,0.92914,0.92933,1.50,1.00
2015.10.05 06:17:06.771,0.92914,0.92943,1.75,1.75
2015.10.05 06:17:06.821,0.92914,0.92941,1.75,1.75
2015.10.05 06:17:07.333,0.92919,0.92939,1.00,1.00
2015.10.05 06:17:07.535,0.92913,0.92942,3.00,1.75
2015.10.05 06:17:07.736,0.92915,0.92935,1.00,1.00
2015.10.05 06:17:07.838,0.92913,0.92932,1.00,1.00
2015.10.05 06:17:10.984,0.92914,0.92932,1.00,1.00
2015.10.05 06:17:13.464,0.92913,0.92932,1.00,1.00
2015.10.05 06:17:14.762,0.92913,0.92941,1.75,3.00
2015.10.05 06:17:15.382,0.92914,0.92939,1.12,1.75
2015.10.05 06:17:19.010,0.92914,0.92937,1.00,1.75
2015.10.05 06:17:26.033,0.92914,0.92938,1.12,1.75
2015.10.05 06:17:29.459,0.92913,0.92937,1.75,1.75
2015.10.05 06:17:30.653,0.92914,0.92938,1.75,1.75
2015.10.05 06:17:30.855,0.92922,0.92942,1.00,1.00
2015.10.05 06:17:30.956,0.92926,0.92946,1.00,1.00
2015.10.05 06:17:33.178,0.92925,0.92953,2.25,1.75
2015.10.05 06:17:33.674,0.9293,0.92945,1.00,1.00
2015.10.05 06:17:33.876,0.92911,0.92943,3.00,1.75
2015.10.05 06:17:34.078,0.9291,0.9294,1.75,1.75
2015.10.05 06:17:34.380,0.92907,0.92939,3.00,1.75
2015.10.05 06:17:34.992,0.92904,0.92935,3.75,1.75
2015.10.05 06:17:35.048,0.92913,0.92933,1.00,1.00
2015.10.05 06:17:36.044,0.92906,0.92938,3.00,1.75
2015.10.05 06:17:36.145,0.92913,0.92941,2.25,3.00
2015.10.05 06:17:37.213,0.92917,0.92946,1.37,2.25
2015.10.05 06:17:37.264,0.92914,0.92943,1.75,1.75
2015.10.05 06:17:40.057,0.92914,0.9294,1.75,1.75
2015.10.05 06:17:41.060,0.92926,0.92943,2.25,1.00
2015.10.05 06:17:41.162,0.92926,0.92952,2.25,1.00
2015.10.05 06:17:41.263,0.92926,0.92956,2.25,1.75
2015.10.05 06:17:41.364,0.92932,0.92952,1.00,1.00
2015.10.05 06:17:41.667,0.92925,0.92945,1.00,1.00
2015.10.05 06:17:42.249,0.92918,0.92949,3.75,1.75
2015.10.05 06:17:42.300,0.92923,0.92942,1.00,1.00
2015.10.05 06:17:43.166,0.9292,0.9294,1.00,1.00
2015.10.05 06:17:43.670,0.92916,0.92945,1.75,1.75
2015.10.05 06:17:44.279,0.9293,0.92948,1.00,2.25
2015.10.05 06:17:44.330,0.92934,0.92954,1.00,1.00
2015.10.05 06:17:44.380,0.9293,0.92954,3.75,1.00
2015.10.05 06:17:44.481,0.9293,0.9295,1.00,1.00
2015.10.05 06:17:44.582,0.92924,0.92954,1.75,2.25
2015.10.05 06:17:44.886,0.92915,0.92935,1.50,1.00
2015.10.05 06:17:44.987,0.92914,0.9294,1.00,3.00
2015.10.05 06:17:45.642,0.9291,0.9293,1.50,1.00
2015.10.05 06:17:45.692,0.92914,0.9293,1.00,1.00
2015.10.05 06:17:45.793,0.9291,0.9293,1.00,1.00
2015.10.05 06:17:45.895,0.92908,0.92936,1.75,1.75
2015.10.05 06:17:46.197,0.92909,0.9293,1.00,1.75
2015.10.05 06:17:48.093,0.92904,0.92933,1.75,3.00
2015.10.05 06:17:48.603,0.92904,0.92932,1.50,4.50
2015.10.05 06:17:49.724,0.92903,0.92932,1.75,1.75
2015.10.05 06:17:49.779,0.92903,0.92931,1.75,1.75
2015.10.05 06:17:50.305,0.92908,0.92933,1.00,3.00
2015.10.05 06:17:51.195,0.92908,0.92932,1.12,1.75
2015.10.05 06:17:53.011,0.92904,0.92931,1.75,1.75
2015.10.05 06:17:53.521,0.92904,0.9293,1.75,1.75
2015.10.05 06:17:54.810,0.92903,0.92932,2.25,1.75
2015.10.05 06:17:54.867,0.92903,0.92932,2.25,1.75
2015.10.05 06:17:57.217,0.92903,0.92933,1.75,3.75
2015.10.05 06:17:57.884,0.92906,0.92932,1.00,3.00
2015.10.05 06:18:02.301,0.92904,0.9293,1.75,1.75
2015.10.05 06:18:03.570,0.92906,0.92925,1.00,1.00
2015.10.05 06:18:04.006,0.92904,0.92922,1.12,1.00
2015.10.05 06:18:04.310,0.92899,0.92925,1.75,1.75
2015.10.05 06:18:04.890,0.92893,0.92924,2.25,3.00
2015.10.05 06:18:04.998,0.92893,0.92914,1.37,1.00
2015.10.05 06:18:05.100,0.92888,0.92918,2.25,1.75
2015.10.05 06:18:05.614,0.92889,0.92918,1.75,3.00
2015.10.05 06:18:07.013,0.92893,0.92921,1.75,2.25
2015.10.05 06:18:07.114,0.92894,0.92925,1.75,1.75
2015.10.05 06:18:07.906,0.92894,0.92925,1.75,1.75
2015.10.05 06:18:08.230,0.92895,0.92924,1.75,3.00
2015.10.05 06:18:08.533,0.92894,0.92923,1.75,1.75
2015.10.05 06:18:09.432,0.92894,0.92919,1.12,1.75
2015.10.05 06:18:12.401,0.92894,0.92919,1.37,1.75
2015.10.05 06:18:13.350,0.92894,0.9292,1.75,1.75
2015.10.05 06:18:23.111,0.92894,0.92917,1.00,1.75
2015.10.05 06:18:23.662,0.92893,0.92919,1.12,1.75
2015.10.05 06:18:25.850,0.92894,0.92919,1.00,1.75
2015.10.05 06:18:26.400,0.92893,0.92918,1.12,1.75
2015.10.05 06:18:27.141,0.92894,0.9292,1.75,1.75
2015.10.05 06:18:27.192,0.92894,0.92921,1.75,1.75
2015.10.05 06:18:30.462,0.92897,0.92917,1.00,1.00
2015.10.05 06:18:30.563,0.92894,0.92919,1.75,1.75
2015.10.05 06:18:30.665,0.92894,0.92919,1.50,1.75
2015.10.05 06:18:33.865,0.92893,0.92918,1.75,1.75
2015.10.05 06:18:33.966,0.92898,0.92917,1.00,1.00
2015.10.05 06:18:34.168,0.92899,0.92921,1.12,1.75
2015.10.05 06:18:34.801,0.92898,0.92922,1.00,1.75
2015.10.05 06:18:35.081,0.92893,0.92912,1.00,1.75
2015.10.05 06:18:35.132,0.92888,0.92912,1.50,1.75
2015.10.05 06:18:35.284,0.92888,0.92913,1.75,1.75
2015.10.05 06:18:35.656,0.92888,0.92907,1.50,1.12
2015.10.05 06:18:35.959,0.92882,0.92906,1.00,3.00
2015.10.05 06:18:36.494,0.92879,0.92904,1.37,1.75
2015.10.05 06:18:36.550,0.92879,0.92899,1.00,1.75
2015.10.05 06:18:36.701,0.92875,0.92903,1.75,1.75
2015.10.05 06:18:36.752,0.92882,0.92907,1.37,2.25
2015.10.05 06:18:36.803,0.92882,0.92909,1.75,1.75
2015.10.05 06:18:36.955,0.92884,0.92912,1.75,3.00
2015.10.05 06:18:37.460,0.92889,0.92913,1.00,3.00
2015.10.05 06:18:38.582,0.92889,0.9291,1.00,1.75
2015.10.05 06:18:39.086,0.92884,0.9291,1.75,1.75
2015.10.05 06:18:40.178,0.92884,0.92903,1.00,1.00
2015.10.05 06:18:44.135,0.92888,0.92911,1.00,2.25
2015.10.05 06:18:44.321,0.92884,0.92912,1.50,4.50
2015.10.05 06:18:44.827,0.92884,0.92894,1.00,1.00
2015.10.05 06:18:44.879,0.92873,0.92899,1.37,1.75
2015.10.05 06:18:44.980,0.92873,0.92891,1.12,1.00
2015.10.05 06:18:45.132,0.92868,0.92897,1.75,1.75
2015.10.05 06:18:45.283,0.92868,0.92896,1.75,2.25
2015.10.05 06:18:45.586,0.92869,0.92886,1.00,1.00
2015.10.05 06:18:46.292,0.92869,0.92893,1.00,2.25
2015.10.05 06:18:47.003,0.92869,0.92892,1.00,2.25
2015.10.05 06:18:50.178,0.92868,0.92884,1.00,1.00
2015.10.05 06:18:51.866,0.92868,0.9289,1.00,2.25
2015.10.05 06:18:53.362,0.92864,0.92883,1.00,1.00
2015.10.05 06:18:55.741,0.92864,0.92888,1.00,2.25
2015.10.05 06:18:55.893,0.92859,0.92882,1.75,1.75
2015.10.05 06:18:55.944,0.92859,0.92882,1.37,1.75
2015.10.05 06:18:56.441,0.92858,0.92885,1.75,4.50
2015.10.05 06:19:00.604,0.92859,0.92883,1.00,2.25
2015.10.05 06:19:01.122,0.92858,0.92883,1.12,3.75
2015.10.05 06:19:03.820,0.92854,0.92882,1.75,2.25
2015.10.05 06:19:04.513,0.92854,0.92883,1.75,4.50
2015.10.05 06:19:04.864,0.92859,0.92883,1.00,4.50
2015.10.05 06:19:05.959,0.92859,0.92883,1.00,3.75
2015.10.05 06:19:07.911,0.92859,0.92882,1.00,2.25
2015.10.05 06:19:08.418,0.92859,0.92882,1.00,3.75
2015.10.05 06:19:10.151,0.92859,0.92882,1.00,3.00
2015.10.05 06:19:10.766,0.92859,0.92879,1.50,1.00
2015.10.05 06:19:10.817,0.92859,0.92886,1.50,2.25
2015.10.05 06:19:10.867,0.92859,0.92889,1.75,3.75
2015.10.05 06:19:10.919,0.92859,0.92882,1.75,1.00
2015.10.05 06:19:12.848,0.92864,0.92891,1.50,3.75
2015.10.05 06:19:14.624,0.92864,0.92884,1.50,1.00
2015.10.05 06:19:14.942,0.92863,0.92882,1.00,1.00
2015.10.05 06:19:16.627,0.92863,0.9289,1.50,3.00
2015.10.05 06:19:16.879,0.92863,0.92892,1.75,1.75
2015.10.05 06:19:22.941,0.92869,0.92894,1.50,1.75
2015.10.05 06:19:23.577,0.92869,0.92896,1.50,3.00
2015.10.05 06:19:25.975,0.92868,0.92896,2.25,1.75
2015.10.05 06:19:26.837,0.92868,0.92896,1.75,3.00
2015.10.05 06:19:27.338,0.92868,0.92896,1.75,1.75
2015.10.05 06:19:27.645,0.92868,0.92891,1.75,1.00
2015.10.05 06:19:28.323,0.92874,0.92898,1.00,3.75
2015.10.05 06:19:28.374,0.92874,0.92899,1.75,1.75
2015.10.05 06:19:34.872,0.92874,0.92899,1.75,1.75
2015.10.05 06:19:35.074,0.92878,0.92898,1.00,1.00
2015.10.05 06:19:35.175,0.92875,0.92895,1.00,1.00
2015.10.05 06:19:42.475,0.92869,0.92898,1.75,1.75
2015.10.05 06:19:42.526,0.92873,0.92893,1.00,1.00
2015.10.05 06:19:42.576,0.92869,0.92894,1.75,1.75
2015.10.05 06:19:42.627,0.92871,0.92891,1.00,1.00
2015.10.05 06:19:42.677,0.92869,0.92893,1.50,1.75
2015.10.05 06:19:42.728,0.92869,0.92893,1.12,1.75
2015.10.05 06:19:42.879,0.92867,0.92892,1.00,2.25
2015.10.05 06:19:44.109,0.92863,0.9289,1.75,1.75
2015.10.05 06:19:44.161,0.92864,0.92884,1.00,1.00
2015.10.05 06:19:47.011,0.92859,0.92889,1.75,3.00
2015.10.05 06:19:49.239,0.9286,0.9289,1.75,3.00
2015.10.05 06:19:51.154,0.92859,0.92889,2.25,2.25
2015.10.05 06:19:52.085,0.92859,0.92886,1.75,1.75
2015.10.05 06:19:52.136,0.92859,0.92889,1.75,1.75
2015.10.05 06:19:52.186,0.92859,0.92889,1.75,1.75
2015.10.05 06:19:53.725,0.92859,0.92886,1.75,1.75
2015.10.05 06:19:54.503,0.92859,0.92886,1.75,1.75
2015.10.05 06:20:00.547,0.92858,0.92887,1.75,1.75
2015.10.05 06:20:06.023,0.92858,0.92888,2.25,1.75
2015.10.05 06:20:06.523,0.92859,0.92888,1.75,1.75
2015.10.05 06:20:09.377,0.92864,0.9289,1.50,1.75
2015.10.05 06:20:09.428,0.92869,0.92887,1.00,1.00
2015.10.05 06:20:09.741,0.92869,0.92892,1.00,1.75
2015.10.05 06:20:10.539,0.92869,0.92887,1.00,1.00
2015.10.05 06:20:11.097,0.92868,0.92891,1.00,2.25
2015.10.05 06:20:12.965,0.92868,0.92889,1.00,2.25
2015.10.05 06:20:13.101,0.92861,0.92889,1.75,2.25
2015.10.05 06:20:15.274,0.92859,0.9289,1.75,1.75
2015.10.05 06:20:17.152,0.92859,0.92886,1.50,2.25
2015.10.05 06:20:17.578,0.92863,0.92883,1.00,1.00
2015.10.05 06:20:18.621,0.92864,0.92883,1.00,1.00
2015.10.05 06:20:21.144,0.92863,0.92883,1.00,1.00
2015.10.05 06:20:22.365,0.92859,0.92887,1.75,1.75
2015.10.05 06:20:22.900,0.92864,0.92884,1.00,1.00
2015.10.05 06:20:26.697,0.92862,0.92882,1.00,1.00
2015.10.05 06:20:27.049,0.92858,0.92883,1.75,1.75
2015.10.05 06:20:27.201,0.92858,0.92878,1.00,1.75
2015.10.05 06:20:27.252,0.92858,0.92878,1.00,1.75
2015.10.05 06:20:27.302,0.92854,0.92878,1.00,1.75
2015.10.05 06:20:28.221,0.92859,0.92881,1.00,2.25
2015.10.05 06:20:28.388,0.92859,0.92882,1.00,1.75
2015.10.05 06:20:28.894,0.92859,0.92882,1.12,1.75
2015.10.05 06:20:30.100,0.92854,0.92881,1.75,1.75
2015.10.05 06:20:30.504,0.92854,0.92881,1.75,4.50
2015.10.05 06:20:31.154,0.92854,0.92879,1.37,1.75
2015.10.05 06:20:31.907,0.92854,0.92876,1.00,2.25
2015.10.05 06:20:32.378,0.92849,0.92876,1.75,3.00
2015.10.05 06:20:33.780,0.92854,0.92876,1.00,2.25
2015.10.05 06:20:33.982,0.92854,0.92877,1.00,1.75
2015.10.05 06:20:34.362,0.92849,0.92877,1.50,1.75
2015.10.05 06:20:35.138,0.92843,0.92857,1.00,1.00
2015.10.05 06:20:35.189,0.92843,0.92864,1.00,1.75
2015.10.05 06:20:35.695,0.92843,0.92864,1.00,1.75
2015.10.05 06:20:36.099,0.92843,0.92864,1.00,3.00
2015.10.05 06:20:36.602,0.92843,0.92863,1.00,3.00
2015.10.05 06:20:37.169,0.92843,0.92863,1.00,1.75
2015.10.05 06:20:37.704,0.92843,0.92863,1.00,3.00
2015.10.05 06:20:39.302,0.92843,0.92858,1.00,1.00
2015.10.05 06:20:39.824,0.92843,0.92864,1.00,2.25
2015.10.05 06:20:40.310,0.92839,0.92862,1.00,1.75
2015.10.05 06:20:43.633,0.92838,0.92861,1.12,1.75
2015.10.05 06:20:44.559,0.92839,0.92861,1.00,1.75
2015.10.05 06:20:45.690,0.92839,0.92865,1.37,3.00
2015.10.05 06:20:45.741,0.92839,0.92865,1.50,1.75
2015.10.05 06:20:47.611,0.92839,0.92863,1.37,1.75
2015.10.05 06:20:48.760,0.92839,0.92863,1.75,1.75
2015.10.05 06:20:51.024,0.92839,0.92864,1.75,1.75
2015.10.05 06:20:52.027,0.92839,0.92863,1.50,1.75
2015.10.05 06:20:58.461,0.92842,0.92861,1.00,1.00
2015.10.05 06:20:59.424,0.92834,0.92865,1.75,3.00
2015.10.05 06:21:01.318,0.92829,0.92856,1.50,1.75
2015.10.05 06:21:01.623,0.92828,0.92848,1.00,1.00
2015.10.05 06:21:05.478,0.92828,0.92857,1.75,2.25
2015.10.05 06:21:05.781,0.92833,0.92862,1.75,1.75
2015.10.05 06:21:06.573,0.92835,0.92864,1.75,3.00
2015.10.05 06:21:09.260,0.92841,0.92861,1.00,1.00
2015.10.05 06:21:09.361,0.9284,0.92869,1.75,1.75
2015.10.05 06:21:10.559,0.9284,0.92871,1.75,1.75
2015.10.05 06:21:10.862,0.92839,0.92864,1.12,3.00
2015.10.05 06:21:11.367,0.92839,0.92862,1.00,1.75
2015.10.05 06:21:12.380,0.92839,0.92866,1.50,3.00
2015.10.05 06:21:13.677,0.92839,0.92858,1.00,1.00
2015.10.05 06:21:13.778,0.92833,0.92862,1.75,4.50
2015.10.05 06:21:17.451,0.92834,0.92862,1.75,1.75
2015.10.05 06:21:17.502,0.92837,0.92857,1.00,1.00
2015.10.05 06:21:17.553,0.92836,0.92866,1.75,1.75
2015.10.05 06:21:17.855,0.92834,0.92859,1.00,1.75
2015.10.05 06:21:18.057,0.92833,0.92856,1.12,1.75
2015.10.05 06:21:18.158,0.92833,0.92856,1.50,1.75
2015.10.05 06:21:18.708,0.92833,0.92859,1.12,2.25
2015.10.05 06:21:19.023,0.92839,0.92858,1.00,1.75
2015.10.05 06:21:19.124,0.92833,0.92858,1.12,1.75
2015.10.05 06:21:20.550,0.92833,0.9285,1.00,1.00
2015.10.05 06:21:22.634,0.92833,0.92858,1.37,2.25
2015.10.05 06:21:22.685,0.92834,0.92853,1.00,1.00
2015.10.05 06:21:23.865,0.92833,0.92859,1.37,2.25
2015.10.05 06:21:24.507,0.92833,0.92851,1.00,1.00
2015.10.05 06:21:25.584,0.92833,0.92859,1.37,2.25
2015.10.05 06:21:26.234,0.92839,0.92864,1.00,2.25
2015.10.05 06:21:26.537,0.92839,0.92852,1.00,1.00
2015.10.05 06:21:26.789,0.92834,0.92858,1.00,3.75
2015.10.05 06:21:27.887,0.92829,0.92853,1.12,1.75
2015.10.05 06:21:28.536,0.92828,0.92853,1.00,3.00
2015.10.05 06:21:30.178,0.92828,0.92854,1.37,2.25
2015.10.05 06:21:32.326,0.92828,0.92854,1.75,1.75
2015.10.05 06:21:33.334,0.92828,0.92853,1.50,1.75
2015.10.05 06:21:35.794,0.92829,0.92852,1.00,1.75
2015.10.05 06:21:37.204,0.92829,0.92849,1.00,2.25
2015.10.05 06:21:37.908,0.92828,0.92849,1.00,2.25
2015.10.05 06:21:38.767,0.92829,0.92847,1.00,2.25
2015.10.05 06:21:38.818,0.92819,0.92845,1.50,2.25
2015.10.05 06:21:39.222,0.92819,0.92842,1.00,3.00
2015.10.05 06:21:39.625,0.92819,0.92837,1.00,1.00
2015.10.05 06:21:40.519,0.92819,0.92842,1.00,1.75
2015.10.05 06:21:41.045,0.92819,0.92839,1.50,1.00
2015.10.05 06:21:41.095,0.92824,0.92839,1.00,1.00
2015.10.05 06:21:42.522,0.92824,0.92846,1.00,3.00
2015.10.05 06:21:43.384,0.92824,0.92847,1.00,3.00
2015.10.05 06:21:44.028,0.92824,0.92847,1.00,1.75
2015.10.05 06:21:44.129,0.92824,0.92846,1.00,3.00
2015.10.05 06:21:44.432,0.92823,0.92847,1.00,1.75
2015.10.05 06:21:45.076,0.92823,0.92851,1.00,1.50
2015.10.05 06:21:45.127,0.92823,0.92851,1.00,1.50
2015.10.05 06:21:45.631,0.92823,0.92852,1.00,1.75
2015.10.05 06:21:47.109,0.92823,0.92845,1.00,1.12
2015.10.05 06:21:47.361,0.92818,0.92842,1.00,1.50
2015.10.05 06:21:47.563,0.92818,0.9284,1.00,1.50
2015.10.05 06:21:47.765,0.92819,0.92843,1.00,1.75
2015.10.05 06:21:48.534,0.92819,0.92843,1.00,1.75
2015.10.05 06:21:48.585,0.92814,0.9284,1.00,1.75
2015.10.05 06:21:49.038,0.92813,0.9284,1.00,1.75
2015.10.05 06:21:49.986,0.92814,0.92837,1.00,1.75
2015.10.05 06:21:50.555,0.92814,0.92838,1.00,1.50
2015.10.05 06:21:50.657,0.92814,0.92838,1.00,1.12
2015.10.05 06:21:50.759,0.92814,0.92839,1.12,3.75
2015.10.05 06:21:50.860,0.92816,0.92835,1.00,1.00
2015.10.05 06:21:50.910,0.92819,0.92835,1.00,1.00
2015.10.05 06:21:51.527,0.92819,0.92839,1.00,1.75
2015.10.05 06:21:53.060,0.92819,0.92841,1.00,1.75
2015.10.05 06:21:53.598,0.92819,0.9284,1.00,1.75
2015.10.05 06:21:53.868,0.92814,0.9284,1.75,1.75
2015.10.05 06:21:55.116,0.92819,0.92842,1.00,2.25
2015.10.05 06:21:55.167,0.92819,0.92845,1.50,3.00
2015.10.05 06:21:55.268,0.9282,0.9284,1.00,1.00
2015.10.05 06:21:56.629,0.92818,0.92844,1.75,1.75
2015.10.05 06:21:58.752,0.92818,0.92837,1.50,1.00
2015.10.05 06:22:00.594,0.92819,0.92837,1.00,1.00
2015.10.05 06:22:00.695,0.9282,0.9284,1.00,1.00
2015.10.05 06:22:06.304,0.92824,0.9284,1.00,1.00
2015.10.05 06:22:06.405,0.92824,0.92849,1.12,3.00
2015.10.05 06:22:06.506,0.92824,0.92844,1.50,1.00
2015.10.05 06:22:06.607,0.9282,0.92849,1.75,1.75
2015.10.05 06:22:06.708,0.92823,0.92852,1.75,1.75
2015.10.05 06:22:06.859,0.92829,0.92852,1.00,1.75
2015.10.05 06:22:07.162,0.92829,0.92851,1.00,4.50
2015.10.05 06:22:11.868,0.92828,0.92843,1.00,1.00
2015.10.05 06:22:11.918,0.92828,0.92846,1.00,1.00
2015.10.05 06:22:12.448,0.92829,0.92853,1.00,2.25
2015.10.05 06:22:14.097,0.92829,0.92851,1.00,2.25
2015.10.05 06:22:15.324,0.92828,0.92851,1.00,2.25
2015.10.05 06:22:16.289,0.92828,0.9285,1.00,2.25
2015.10.05 06:22:18.692,0.92828,0.9285,1.00,1.75
2015.10.05 06:22:19.233,0.92829,0.9285,1.00,1.75
2015.10.05 06:22:20.312,0.92829,0.92851,1.00,3.00
2015.10.05 06:22:24.331,0.92824,0.92847,1.00,2.25
2015.10.05 06:22:24.432,0.92824,0.92844,1.00,2.25
2015.10.05 06:22:25.057,0.92823,0.92844,1.00,2.25
2015.10.05 06:22:25.972,0.92824,0.92844,1.00,2.25
2015.10.05 06:22:26.517,0.92823,0.92844,1.00,2.25
2015.10.05 06:22:28.608,0.92824,0.92844,1.00,2.25
2015.10.05 06:22:33.887,0.92823,0.92844,1.00,2.25
2015.10.05 06:22:35.347,0.92824,0.92844,1.00,2.25
2015.10.05 06:22:37.105,0.92823,0.92844,1.00,2.25
2015.10.05 06:22:37.189,0.92819,0.92844,1.12,2.25
2015.10.05 06:22:38.292,0.92823,0.92844,1.00,2.25
2015.10.05 06:22:38.793,0.92824,0.92844,1.00,2.25
2015.10.05 06:22:38.843,0.92818,0.92844,1.37,2.25
2015.10.05 06:22:39.057,0.92824,0.92844,1.00,2.25
2015.10.05 06:22:39.945,0.92819,0.92844,1.37,2.25
2015.10.05 06:22:40.055,0.92823,0.92844,1.00,2.25
2015.10.05 06:22:40.597,0.92824,0.92844,1.00,2.25
2015.10.05 06:22:41.075,0.92824,0.9284,1.00,1.00
2015.10.05 06:22:41.920,0.92824,0.92838,1.00,1.00
2015.10.05 06:22:43.094,0.92824,0.92846,1.00,3.75
2015.10.05 06:22:44.098,0.92824,0.9284,1.00,1.00
2015.10.05 06:22:50.818,0.92824,0.92848,1.00,3.75
2015.10.05 06:22:51.319,0.92824,0.92849,1.00,4.50
2015.10.05 06:22:53.176,0.92824,0.92848,1.00,1.75
2015.10.05 06:22:56.896,0.92823,0.92846,1.12,1.75
2015.10.05 06:22:57.214,0.92823,0.92848,1.00,3.75
2015.10.05 06:22:57.758,0.92823,0.92846,1.00,1.75
2015.10.05 06:22:58.614,0.92823,0.92847,1.37,1.75
2015.10.05 06:22:59.341,0.92823,0.92842,1.00,1.00
2015.10.05 06:22:59.854,0.92823,0.92847,1.12,1.75
2015.10.05 06:23:00.709,0.92821,0.92841,1.00,1.00
2015.10.05 06:23:01.710,0.9283,0.9285,1.00,1.00
2015.10.05 06:23:03.820,0.92828,0.92857,1.75,2.25
2015.10.05 06:23:05.224,0.92829,0.92858,1.75,1.75
2015.10.05 06:23:07.491,0.92834,0.92859,1.00,3.00
2015.10.05 06:23:07.547,0.92829,0.92859,1.75,3.00
2015.10.05 06:23:09.889,0.92834,0.92857,1.00,1.75
2015.10.05 06:23:15.063,0.92828,0.92858,1.75,1.75
2015.10.05 06:23:15.164,0.92828,0.92855,1.50,2.25
2015.10.05 06:23:19.171,0.92829,0.92852,1.00,1.75
2015.10.05 06:23:20.020,0.92829,0.92844,1.00,1.00
2015.10.05 06:23:20.121,0.92824,0.92844,1.50,1.00
2015.10.05 06:23:20.172,0.92824,0.9285,1.75,1.75
2015.10.05 06:23:20.481,0.92829,0.9285,1.00,1.75
2015.10.05 06:23:21.528,0.92829,0.92854,1.75,1.75
2015.10.05 06:23:22.089,0.92833,0.92855,1.00,1.75
2015.10.05 06:23:22.557,0.92833,0.92853,1.50,1.00
2015.10.05 06:23:22.658,0.92833,0.9286,1.75,1.75
2015.10.05 06:23:28.846,0.92834,0.92856,1.00,1.75
2015.10.05 06:23:33.286,0.92829,0.92855,1.75,1.75
2015.10.05 06:23:36.855,0.92829,0.92855,1.75,1.75
2015.10.05 06:23:36.906,0.9283,0.9285,1.00,1.00
2015.10.05 06:23:37.274,0.92829,0.92855,1.75,1.75
2015.10.05 06:23:37.812,0.92834,0.92855,1.00,1.75
2015.10.05 06:23:38.122,0.92834,0.92855,1.00,1.75
2015.10.05 06:23:38.346,0.92828,0.92855,1.75,1.75
2015.10.05 06:23:38.498,0.92829,0.92855,1.00,1.75
2015.10.05 06:23:39.129,0.92828,0.92855,1.12,1.75
2015.10.05 06:23:41.867,0.92829,0.92854,1.00,1.75
2015.10.05 06:23:42.333,0.92824,0.9285,1.00,1.75
2015.10.05 06:23:42.638,0.92824,0.92848,1.00,1.75
2015.10.05 06:23:42.992,0.92824,0.92844,1.50,1.00
2015.10.05 06:23:43.755,0.92823,0.92842,1.00,1.00
2015.10.05 06:23:46.163,0.92823,0.92848,1.12,1.75
2015.10.05 06:23:46.705,0.92824,0.92849,1.00,3.75
2015.10.05 06:23:47.645,0.92823,0.92848,1.12,1.75
2015.10.05 06:23:55.940,0.92823,0.92848,1.37,1.75
2015.10.05 06:23:57.701,0.92823,0.92847,1.12,2.25
2015.10.05 06:23:58.405,0.92824,0.92839,1.00,1.00
2015.10.05 06:23:59.740,0.92824,0.92843,1.00,1.75
2015.10.05 06:24:00.392,0.92818,0.92843,1.00,1.75
2015.10.05 06:24:00.710,0.92818,0.92842,1.00,3.00
2015.10.05 06:24:01.214,0.92819,0.92842,1.00,2.25
2015.10.05 06:24:01.811,0.92818,0.92842,1.00,2.25
2015.10.05 06:24:02.054,0.92818,0.92843,1.12,3.75
2015.10.05 06:24:03.738,0.92818,0.92842,1.00,3.75
2015.10.05 06:24:03.789,0.92813,0.92841,1.75,1.75
2015.10.05 06:24:04.326,0.92814,0.92841,1.75,3.00
2015.10.05 06:24:06.856,0.92819,0.9284,1.00,1.75
2015.10.05 06:24:07.515,0.92818,0.92841,1.00,2.25
2015.10.05 06:24:08.941,0.92818,0.92841,1.00,1.75
2015.10.05 06:24:09.043,0.92818,0.92837,1.00,1.00
2015.10.05 06:24:09.466,0.92818,0.92846,1.75,3.00
2015.10.05 06:24:09.939,0.92824,0.92846,1.00,3.00
2015.10.05 06:24:09.990,0.92824,0.9285,1.37,2.25
2015.10.05 06:24:10.041,0.92824,0.92852,1.75,1.75
2015.10.05 06:24:10.243,0.92829,0.92849,1.37,1.00
2015.10.05 06:24:20.359,0.92829,0.92854,1.50,3.00
2015.10.05 06:24:24.123,0.92829,0.92852,1.00,1.75
2015.10.05 06:24:24.569,0.92829,0.92847,1.00,1.00
2015.10.05 06:24:25.996,0.92828,0.92848,1.37,1.00
2015.10.05 06:24:29.568,0.92828,0.92855,1.75,1.75
2015.10.05 06:24:30.300,0.92829,0.92854,1.12,3.00
2015.10.05 06:24:30.967,0.92828,0.92851,1.12,1.75
2015.10.05 06:24:31.287,0.92824,0.92845,1.37,1.50
2015.10.05 06:24:31.388,0.92818,0.92845,1.75,1.75
2015.10.05 06:24:31.489,0.92818,0.92845,1.75,1.75
2015.10.05 06:24:32.837,0.92818,0.92837,1.00,1.00
2015.10.05 06:24:32.888,0.92818,0.92841,1.00,1.75
2015.10.05 06:24:35.196,0.92818,0.92837,1.37,1.00
2015.10.05 06:24:35.823,0.92818,0.92844,1.50,1.75
2015.10.05 06:24:36.643,0.92819,0.92839,1.00,1.00
2015.10.05 06:24:36.794,0.92824,0.92839,1.00,1.00
2015.10.05 06:24:37.129,0.92818,0.92845,1.75,1.75
2015.10.05 06:24:37.630,0.92818,0.92845,1.75,1.75
2015.10.05 06:24:39.112,0.92823,0.92846,1.00,1.75
2015.10.05 06:24:39.285,0.92823,0.92848,1.12,1.75
2015.10.05 06:24:39.336,0.92823,0.92848,1.37,1.75
2015.10.05 06:24:39.488,0.92824,0.9285,1.75,1.75
2015.10.05 06:24:39.640,0.92823,0.92853,1.75,1.75
2015.10.05 06:24:39.791,0.92825,0.92856,1.75,1.75
2015.10.05 06:24:40.329,0.92834,0.92854,1.00,1.75
2015.10.05 06:24:45.462,0.92834,0.92857,1.12,1.75
2015.10.05 06:24:46.320,0.92833,0.92854,1.12,1.75
2015.10.05 06:24:46.968,0.92833,0.92852,1.37,1.00
2015.10.05 06:24:47.471,0.92833,0.92854,1.12,1.50
2015.10.05 06:24:51.684,0.92833,0.92855,1.00,1.75
2015.10.05 06:24:52.287,0.92834,0.92855,1.00,1.75
2015.10.05 06:24:53.947,0.92834,0.92855,1.12,1.75
2015.10.05 06:24:57.243,0.92834,0.9285,1.00,1.75
2015.10.05 06:24:57.294,0.92828,0.9285,1.00,1.75
2015.10.05 06:24:59.137,0.92829,0.92852,1.00,4.50
2015.10.05 06:24:59.504,0.92829,0.92853,1.12,1.75
2015.10.05 06:25:00.204,0.92829,0.9285,1.00,1.75
2015.10.05 06:25:00.557,0.92823,0.92848,1.75,1.75
2015.10.05 06:25:00.810,0.92827,0.92847,1.00,1.00
2015.10.05 06:25:00.861,0.92823,0.92847,1.75,1.50
2015.10.05 06:25:01.640,0.92823,0.92846,1.75,1.75
2015.10.05 06:25:02.689,0.92823,0.9285,1.75,1.75
2015.10.05 06:25:02.790,0.92823,0.9285,1.75,1.75
2015.10.05 06:25:05.977,0.92824,0.92849,1.75,1.75
2015.10.05 06:25:10.985,0.92824,0.9285,1.75,1.75
2015.10.05 06:25:15.996,0.92824,0.92849,3.00,1.00
2015.10.05 06:25:16.047,0.92833,0.92857,1.12,1.75
2015.10.05 06:25:17.598,0.92834,0.92858,1.00,2.25
2015.10.05 06:25:19.030,0.92834,0.92858,1.37,2.25
2015.10.05 06:25:19.081,0.92834,0.9286,1.75,1.75
2015.10.05 06:25:20.840,0.92836,0.92855,1.00,1.00
2015.10.05 06:25:21.877,0.92833,0.9286,1.75,1.75
2015.10.05 06:25:22.415,0.92833,0.9286,1.75,1.75
2015.10.05 06:25:24.060,0.92833,0.9286,1.50,1.75
2015.10.05 06:25:24.111,0.92833,0.9286,1.50,1.75
2015.10.05 06:25:26.014,0.92833,0.9286,1.75,1.75
2015.10.05 06:25:26.520,0.92833,0.92861,1.75,5.25
2015.10.05 06:25:29.726,0.92834,0.92862,2.25,3.00
2015.10.05 06:25:30.275,0.92834,0.92862,2.25,1.75
2015.10.05 06:25:31.221,0.92834,0.92862,2.25,1.75
2015.10.05 06:25:31.562,0.92835,0.92863,1.75,1.75
2015.10.05 06:25:31.814,0.92834,0.92863,1.75,1.75
2015.10.05 06:25:32.167,0.92834,0.92863,1.75,1.75
2015.10.05 06:25:33.771,0.92839,0.92859,1.00,1.00
2015.10.05 06:25:35.304,0.92835,0.92863,1.75,1.75
2015.10.05 06:25:35.809,0.92835,0.92863,1.75,1.75
2015.10.05 06:25:36.331,0.92835,0.92863,1.75,1.75
2015.10.05 06:25:36.984,0.92834,0.92866,3.00,1.75
2015.10.05 06:25:37.439,0.92839,0.92867,1.75,1.75
2015.10.05 06:25:37.743,0.92839,0.92867,1.50,3.00
2015.10.05 06:25:38.384,0.92839,0.92864,1.75,1.75
2015.10.05 06:25:39.245,0.92841,0.92865,1.00,1.75
2015.10.05 06:25:42.476,0.92838,0.92867,1.75,1.75
2015.10.05 06:25:42.778,0.92844,0.92866,1.00,1.75
2015.10.05 06:25:42.829,0.92839,0.92866,1.75,1.75
2015.10.05 06:25:43.599,0.92839,0.92865,1.50,1.75
2015.10.05 06:25:46.484,0.92839,0.92867,1.50,2.25
2015.10.05 06:25:46.534,0.92838,0.92868,1.75,2.25
2015.10.05 06:25:47.626,0.92844,0.92871,1.50,1.75
2015.10.05 06:25:48.192,0.92844,0.92869,1.50,1.75
2015.10.05 06:25:50.733,0.92844,0.92867,1.00,1.75
2015.10.05 06:25:50.834,0.92839,0.92865,1.50,1.75
2015.10.05 06:25:56.798,0.92839,0.92864,1.00,4.50
2015.10.05 06:25:56.955,0.92834,0.9286,1.00,3.75
2015.10.05 06:25:57.007,0.92834,0.92861,1.37,6.00
2015.10.05 06:25:57.158,0.92831,0.92857,1.50,2.25
2015.10.05 06:25:57.662,0.92829,0.92855,1.75,1.75
2015.10.05 06:25:57.713,0.92829,0.92852,1.75,1.00
2015.10.05 06:25:58.816,0.92834,0.92858,1.50,1.75
2015.10.05 06:25:58.867,0.92834,0.9286,1.75,1.75
2015.10.05 06:26:00.615,0.92834,0.92861,1.75,1.75
2015.10.05 06:26:04.907,0.92833,0.9286,1.75,1.75
2015.10.05 06:26:04.958,0.92838,0.92858,1.00,1.00
2015.10.05 06:26:05.713,0.92839,0.92858,1.00,1.00
2015.10.05 06:26:06.530,0.92839,0.92864,1.50,1.75
2015.10.05 06:26:07.034,0.92839,0.92865,1.12,3.00
2015.10.05 06:26:07.724,0.92839,0.92859,1.12,1.00
2015.10.05 06:26:08.105,0.92839,0.92861,1.50,1.75
2015.10.05 06:26:08.675,0.92834,0.92861,1.75,1.75
2015.10.05 06:26:09.290,0.92834,0.92861,1.75,1.75
2015.10.05 06:26:09.829,0.92834,0.92862,1.75,1.75
2015.10.05 06:26:10.366,0.92839,0.92862,1.00,1.75
2015.10.05 06:26:15.408,0.92838,0.92862,1.50,1.75
2015.10.05 06:26:15.954,0.92839,0.92857,1.00,1.00
2015.10.05 06:26:16.411,0.92839,0.92862,1.00,3.00
2015.10.05 06:26:16.963,0.92839,0.92862,1.12,1.75
2015.10.05 06:26:23.715,0.92838,0.92857,1.00,1.00
2015.10.05 06:26:24.237,0.92838,0.92863,1.50,1.75
2015.10.05 06:26:33.204,0.92833,0.92861,2.25,1.75
2015.10.05 06:26:33.254,0.92833,0.92861,2.25,3.00
2015.10.05 06:26:33.355,0.92834,0.92862,1.75,1.75
2015.10.05 06:26:33.657,0.92829,0.92856,1.75,1.75
2015.10.05 06:26:34.254,0.92828,0.92854,1.50,1.75
2015.10.05 06:26:34.408,0.92826,0.9285,1.00,1.75
2015.10.05 06:26:34.459,0.92824,0.9285,1.75,1.75
2015.10.05 06:26:34.974,0.92824,0.92851,1.75,2.25
2015.10.05 06:26:35.671,0.92828,0.92856,1.75,1.75
2015.10.05 06:26:35.772,0.92825,0.92854,1.75,1.75
2015.10.05 06:26:35.974,0.92825,0.92854,1.75,1.75
2015.10.05 06:26:36.382,0.92831,0.92851,1.00,1.00
2015.10.05 06:26:37.719,0.92827,0.92855,1.75,1.75
2015.10.05 06:26:38.072,0.92826,0.92855,1.75,1.75
2015.10.05 06:26:38.173,0.92829,0.92856,1.50,2.25
2015.10.05 06:26:38.274,0.92828,0.92857,1.75,1.75
2015.10.05 06:26:39.221,0.92833,0.92862,2.25,1.75
2015.10.05 06:26:39.525,0.92833,0.92859,1.75,1.75
2015.10.05 06:26:40.094,0.92834,0.92862,1.75,1.75
2015.10.05 06:26:41.762,0.92833,0.92863,2.25,2.25
2015.10.05 06:26:46.092,0.92833,0.92857,2.25,1.00
2015.10.05 06:26:46.193,0.92837,0.92863,1.00,2.25
2015.10.05 06:26:49.764,0.92833,0.92861,1.75,1.75
2015.10.05 06:26:49.815,0.92838,0.92857,1.00,1.00
2015.10.05 06:26:52.014,0.92834,0.92863,1.75,1.75
2015.10.05 06:26:54.908,0.92837,0.92866,1.75,1.75
2015.10.05 06:26:54.959,0.92837,0.92866,1.75,1.75
2015.10.05 06:26:58.283,0.92839,0.92867,1.75,1.75
2015.10.05 06:26:59.016,0.9284,0.92867,1.75,1.75
2015.10.05 06:26:59.117,0.92845,0.92865,1.00,1.00
2015.10.05 06:27:00.322,0.9284,0.92866,1.37,2.25
2015.10.05 06:27:00.373,0.92835,0.92865,1.50,4.50
2015.10.05 06:27:00.423,0.92835,0.92863,1.50,2.25
2015.10.05 06:27:00.726,0.92837,0.92865,1.75,3.00
2015.10.05 06:27:01.028,0.92833,0.92861,2.25,1.75
2015.10.05 06:27:01.983,0.92833,0.92861,1.75,1.75
2015.10.05 06:27:02.520,0.92834,0.92863,1.75,3.00
2015.10.05 06:27:03.826,0.92834,0.9286,1.75,1.75
2015.10.05 06:27:04.330,0.92834,0.92858,1.75,1.75
2015.10.05 06:27:11.147,0.92834,0.92861,1.75,1.75
2015.10.05 06:27:15.331,0.92833,0.92863,2.25,3.00
2015.10.05 06:27:15.760,0.92833,0.92861,1.75,1.75
2015.10.05 06:27:16.294,0.92834,0.92862,1.12,3.00
2015.10.05 06:27:24.717,0.92828,0.92858,2.25,1.75
2015.10.05 06:27:25.067,0.92827,0.92857,1.75,1.75
2015.10.05 06:27:25.579,0.92829,0.92856,1.75,1.75
2015.10.05 06:27:26.793,0.92829,0.92856,2.25,1.75
2015.10.05 06:27:27.596,0.92829,0.92856,2.25,1.75
2015.10.05 06:27:28.148,0.92829,0.92855,1.75,1.75
2015.10.05 06:27:31.812,0.92829,0.92855,1.50,1.75
2015.10.05 06:27:31.863,0.92829,0.92855,1.50,1.75
2015.10.05 06:27:32.901,0.92829,0.92855,1.50,1.75
2015.10.05 06:27:33.002,0.92825,0.92855,1.75,1.75
2015.10.05 06:27:33.103,0.92825,0.92855,1.75,4.50
2015.10.05 06:27:33.607,0.92826,0.92855,1.75,2.25
2015.10.05 06:27:35.472,0.92829,0.92848,1.00,1.00
2015.10.05 06:27:37.724,0.92825,0.92853,1.75,1.75
2015.10.05 06:27:37.775,0.92824,0.92852,1.75,1.75
2015.10.05 06:27:37.876,0.92824,0.92852,1.50,3.00
2015.10.05 06:27:38.605,0.92823,0.9285,1.75,1.75
2015.10.05 06:27:43.256,0.92826,0.92852,1.75,1.75
2015.10.05 06:27:43.307,0.92829,0.92849,1.00,1.00
2015.10.05 06:27:43.358,0.92829,0.92857,1.50,4.50
2015.10.05 06:27:43.661,0.92831,0.92859,1.75,1.75
2015.10.05 06:27:44.335,0.9283,0.9286,1.75,3.00
2015.10.05 06:27:44.385,0.92832,0.92852,1.50,1.00
2015.10.05 06:27:44.436,0.92832,0.9286,1.50,3.00
2015.10.05 06:27:44.739,0.92834,0.92861,1.50,1.75
2015.10.05 06:27:45.042,0.92832,0.92861,1.75,1.75
2015.10.05 06:27:45.092,0.92833,0.92862,1.75,1.75
2015.10.05 06:27:46.092,0.92838,0.92862,1.00,1.75
2015.10.05 06:27:46.603,0.92833,0.9286,1.75,1.75
2015.10.05 06:27:47.132,0.92833,0.9286,1.75,1.75
2015.10.05 06:27:51.700,0.92833,0.92857,1.75,1.00
2015.10.05 06:27:53.702,0.92833,0.92861,1.75,1.75
2015.10.05 06:27:53.803,0.92836,0.92861,1.00,1.75
2015.10.05 06:27:54.404,0.92833,0.92855,1.75,1.00
2015.10.05 06:27:56.181,0.92833,0.92863,2.25,3.00
2015.10.05 06:27:56.913,0.92833,0.92863,2.25,1.75
2015.10.05 06:27:57.562,0.92838,0.92857,1.00,1.00
2015.10.05 06:28:00.922,0.92834,0.92863,4.50,1.75
2015.10.05 06:28:00.973,0.92836,0.92866,1.75,2.25
2015.10.05 06:28:01.075,0.92842,0.92861,1.00,1.00
2015.10.05 06:28:01.490,0.92837,0.92865,1.75,1.75
2015.10.05 06:28:01.545,0.92839,0.92859,1.50,1.00
2015.10.05 06:28:02.525,0.92835,0.92863,1.75,1.75
2015.10.05 06:28:03.036,0.92839,0.92865,1.50,1.75
2015.10.05 06:28:03.756,0.92835,0.92865,1.75,1.75
2015.10.05 06:28:06.163,0.92834,0.92864,1.75,1.75
2015.10.05 06:28:06.723,0.92834,0.9286,1.75,1.50
2015.10.05 06:28:06.774,0.92834,0.9286,1.75,1.75
2015.10.05 06:28:09.152,0.92837,0.92858,1.00,1.50
2015.10.05 06:28:09.306,0.92833,0.92858,1.50,1.75
2015.10.05 06:28:09.457,0.92829,0.92854,1.75,1.75
2015.10.05 06:28:09.508,0.92829,0.92854,1.50,1.75
2015.10.05 06:28:09.559,0.92829,0.92853,1.50,1.75
2015.10.05 06:28:09.660,0.92829,0.92852,1.12,1.75
2015.10.05 06:28:09.811,0.92825,0.92853,1.75,1.75
2015.10.05 06:28:09.963,0.92826,0.92851,1.00,2.25
2015.10.05 06:28:10.265,0.92823,0.92846,1.75,1.00
2015.10.05 06:28:10.830,0.92824,0.92851,1.75,1.75
2015.10.05 06:28:11.384,0.92824,0.92851,1.75,1.75
2015.10.05 06:28:11.886,0.92824,0.92851,1.75,1.75
2015.10.05 06:28:16.098,0.92824,0.92852,1.75,1.75
2015.10.05 06:28:17.142,0.92824,0.92852,1.75,1.75
2015.10.05 06:28:21.944,0.92824,0.92852,1.75,1.75
2015.10.05 06:28:23.712,0.92823,0.92851,1.75,1.75
2015.10.05 06:28:23.813,0.92825,0.92845,1.00,1.00
2015.10.05 06:28:24.015,0.92823,0.92842,1.00,1.00
2015.10.05 06:28:24.116,0.92823,0.92849,1.75,1.75
2015.10.05 06:28:24.218,0.92823,0.92849,1.75,1.75
2015.10.05 06:28:24.773,0.92824,0.92849,1.75,1.75
2015.10.05 06:28:25.336,0.92829,0.92849,1.50,1.12
2015.10.05 06:28:25.840,0.92829,0.92856,1.75,1.75
2015.10.05 06:28:26.889,0.9283,0.92858,1.75,3.00
2015.10.05 06:28:26.939,0.92835,0.92855,1.00,1.00
2015.10.05 06:28:29.051,0.9283,0.92857,2.25,1.75
2015.10.05 06:28:31.309,0.92833,0.92857,1.75,1.50
2015.10.05 06:28:31.410,0.92833,0.92857,1.75,1.37
2015.10.05 06:28:32.218,0.92836,0.92855,1.00,1.00
2015.10.05 06:28:35.349,0.92836,0.92856,1.00,1.00
2015.10.05 06:28:38.405,0.92829,0.92858,2.25,3.00
2015.10.05 06:28:38.456,0.92829,0.92858,2.25,3.00
2015.10.05 06:28:38.607,0.92829,0.9285,1.37,1.37
2015.10.05 06:28:38.658,0.92823,0.9285,1.75,1.75
2015.10.05 06:28:38.709,0.92823,0.92847,1.37,2.25
2015.10.05 06:28:38.760,0.92823,0.92847,1.00,2.25
2015.10.05 06:28:39.356,0.92815,0.92842,1.37,3.00
2015.10.05 06:28:39.407,0.92814,0.92834,1.00,1.00
2015.10.05 06:28:39.508,0.9281,0.92841,1.75,1.75
2015.10.05 06:28:39.811,0.92815,0.9284,1.00,2.25
2015.10.05 06:28:40.759,0.92813,0.92841,1.75,2.25
2015.10.05 06:28:41.252,0.92813,0.92843,1.75,3.00
2015.10.05 06:28:43.193,0.92808,0.9284,3.75,1.75
2015.10.05 06:28:44.372,0.92814,0.92841,1.75,3.75
2015.10.05 06:28:44.423,0.92813,0.92843,1.75,1.75
2015.10.05 06:28:45.243,0.92815,0.92844,2.25,1.75
2015.10.05 06:28:45.294,0.92815,0.92845,3.00,1.75
2015.10.05 06:28:45.345,0.92818,0.92845,3.75,1.50
2015.10.05 06:28:45.446,0.9282,0.92849,1.75,1.75
2015.10.05 06:28:45.647,0.92827,0.92846,1.00,1.00
2015.10.05 06:28:45.849,0.9282,0.9285,1.75,1.75
2015.10.05 06:28:45.950,0.92819,0.92849,2.25,1.75
2015.10.05 06:28:46.051,0.92819,0.92848,2.25,1.75
2015.10.05 06:28:48.812,0.92819,0.92846,1.75,1.75
2015.10.05 06:28:51.454,0.92818,0.92845,1.75,1.75
2015.10.05 06:28:51.973,0.92815,0.92844,2.25,1.75
2015.10.05 06:29:03.887,0.92814,0.92842,2.25,1.75
2015.10.05 06:29:06.041,0.92819,0.92839,1.00,1.00
2015.10.05 06:29:06.647,0.92814,0.92842,1.75,1.75
2015.10.05 06:29:07.212,0.92814,0.9284,1.75,1.75
2015.10.05 06:29:07.566,0.92812,0.92839,3.75,1.75
2015.10.05 06:29:08.174,0.92813,0.92838,1.75,1.37
2015.10.05 06:29:09.781,0.92813,0.9284,1.75,1.75
2015.10.05 06:29:11.767,0.92813,0.92841,1.75,1.75
2015.10.05 06:29:12.903,0.92817,0.92841,1.00,1.75
2015.10.05 06:29:13.206,0.92814,0.92841,1.75,1.75
2015.10.05 06:29:13.721,0.92814,0.92842,1.75,1.75
2015.10.05 06:29:17.496,0.92815,0.92844,1.75,1.75
2015.10.05 06:29:18.238,0.92815,0.92844,1.75,1.75
2015.10.05 06:29:18.878,0.9282,0.9284,1.00,1.00
2015.10.05 06:29:19.331,0.92814,0.92844,1.75,1.75
2015.10.05 06:29:19.382,0.92818,0.92841,1.12,1.75
2015.10.05 06:29:19.483,0.92816,0.92835,1.00,1.00
2015.10.05 06:29:19.786,0.92814,0.92838,1.12,1.75
2015.10.05 06:29:23.020,0.92813,0.92837,1.37,1.75
2015.10.05 06:29:23.524,0.92813,0.92838,1.12,1.75
2015.10.05 06:29:24.075,0.92814,0.92836,1.00,1.75
2015.10.05 06:29:25.059,0.92813,0.92836,1.12,1.75
2015.10.05 06:29:35.208,0.92813,0.92833,1.00,1.00
2015.10.05 06:29:35.938,0.92809,0.92837,1.75,1.75
2015.10.05 06:29:38.530,0.92809,0.92837,1.75,1.75
2015.10.05 06:29:40.520,0.9281,0.92838,2.25,1.75
2015.10.05 06:29:41.378,0.9281,0.92839,1.75,1.75
2015.10.05 06:29:41.894,0.92809,0.92839,1.75,1.75
2015.10.05 06:29:42.647,0.92809,0.92839,3.00,1.75
2015.10.05 06:29:47.930,0.9281,0.92838,2.25,1.75
2015.10.05 06:29:48.433,0.92812,0.92841,1.75,1.75
2015.10.05 06:29:48.484,0.92812,0.92841,3.00,1.75
2015.10.05 06:29:48.535,0.92814,0.92841,3.75,1.75
2015.10.05 06:29:48.636,0.92819,0.92842,1.00,1.75
2015.10.05 06:29:48.737,0.92818,0.92839,1.75,1.00
2015.10.05 06:29:52.601,0.92818,0.92841,1.75,1.00
2015.10.05 06:29:53.142,0.9282,0.92847,1.75,1.75
2015.10.05 06:29:53.849,0.92822,0.9285,2.25,1.75
2015.10.05 06:29:53.900,0.92823,0.9285,1.75,1.75
2015.10.05 06:29:57.951,0.92823,0.92852,1.75,1.75
2015.10.05 06:30:00.266,0.92826,0.92851,1.00,3.00
2015.10.05 06:30:00.920,0.92824,0.9285,2.25,1.75
2015.10.05 06:30:04.356,0.9282,0.92845,1.75,1.75
2015.10.05 06:30:04.508,0.92816,0.92843,1.75,1.75
2015.10.05 06:30:04.912,0.92815,0.92842,1.50,1.75
2015.10.05 06:30:06.094,0.92817,0.92837,1.00,1.00
2015.10.05 06:30:07.621,0.92823,0.92844,1.12,1.75
2015.10.05 06:30:08.152,0.92824,0.92846,1.00,1.75
2015.10.05 06:30:08.844,0.92823,0.92845,1.12,1.75
2015.10.05 06:30:09.376,0.92823,0.92845,1.00,1.75
2015.10.05 06:30:10.221,0.92818,0.92846,1.75,1.75
2015.10.05 06:30:10.735,0.92818,0.92846,1.75,1.75
2015.10.05 06:30:13.597,0.92821,0.92842,1.50,1.00
2015.10.05 06:30:14.000,0.92827,0.92847,1.00,1.00
2015.10.05 06:30:14.656,0.92824,0.92851,2.25,2.25
2015.10.05 06:30:14.908,0.92824,0.9285,1.75,1.75
2015.10.05 06:30:15.110,0.92828,0.92848,1.00,1.00
2015.10.05 06:30:15.413,0.92824,0.92851,2.25,1.75
2015.10.05 06:30:15.715,0.92824,0.92846,1.50,1.50
2015.10.05 06:30:16.778,0.92824,0.92844,1.00,1.00
2015.10.05 06:30:17.719,0.92821,0.92841,1.00,1.50
2015.10.05 06:30:18.184,0.92814,0.92831,1.00,1.75
2015.10.05 06:30:18.343,0.92806,0.92831,1.75,1.75
2015.10.05 06:30:18.444,0.92806,0.92826,1.00,1.00
2015.10.05 06:30:18.495,0.92803,0.92829,1.75,1.75
2015.10.05 06:30:18.848,0.92804,0.92824,1.12,1.75
2015.10.05 06:30:19.530,0.92803,0.92824,1.00,1.75
2015.10.05 06:30:20.035,0.92804,0.92824,1.00,1.75
2015.10.05 06:30:20.187,0.928,0.92826,1.75,2.25
2015.10.05 06:30:20.879,0.92804,0.92824,1.00,1.75
2015.10.05 06:30:21.288,0.92799,0.92822,1.75,1.75
2015.10.05 06:30:23.366,0.92804,0.92825,1.00,1.75
2015.10.05 06:30:23.869,0.92803,0.92825,1.00,1.75
2015.10.05 06:30:24.348,0.92799,0.92822,1.75,1.75
2015.10.05 06:30:28.620,0.92799,0.92825,1.75,1.75
2015.10.05 06:30:28.721,0.92799,0.92825,1.75,1.75
2015.10.05 06:30:28.822,0.92804,0.92829,1.87,1.75
2015.10.05 06:30:28.873,0.92807,0.92827,1.00,1.00
2015.10.05 06:30:28.924,0.92804,0.92829,3.00,1.50
2015.10.05 06:30:28.975,0.92806,0.92831,1.75,1.75
2015.10.05 06:30:30.381,0.92809,0.92836,1.75,1.75
2015.10.05 06:30:30.634,0.92811,0.92836,1.75,1.75
2015.10.05 06:30:31.988,0.92808,0.92834,1.75,1.75
2015.10.05 06:30:32.291,0.92803,0.92827,1.50,1.75
2015.10.05 06:30:32.342,0.92803,0.92827,1.12,1.75
2015.10.05 06:30:32.749,0.92799,0.92824,1.75,1.75
2015.10.05 06:30:38.981,0.92798,0.92825,2.25,1.75
2015.10.05 06:30:39.163,0.92799,0.92818,1.00,1.00
2015.10.05 06:30:40.110,0.92792,0.92819,1.75,1.75
2015.10.05 06:30:40.778,0.92791,0.92818,1.75,1.75
2015.10.05 06:30:41.876,0.92798,0.92818,1.00,1.00
2015.10.05 06:30:42.178,0.92796,0.92821,1.75,1.50
2015.10.05 06:30:42.683,0.92801,0.92826,1.75,1.75
2015.10.05 06:30:44.062,0.92804,0.92826,1.00,1.75
2015.10.05 06:30:45.173,0.92804,0.92827,1.00,1.75
2015.10.05 06:30:46.126,0.92799,0.92827,2.25,1.75
2015.10.05 06:30:47.462,0.92798,0.92821,1.75,1.75
2015.10.05 06:30:47.563,0.92799,0.92818,1.00,1.00
2015.10.05 06:30:47.664,0.92797,0.92817,1.00,1.00
2015.10.05 06:30:48.067,0.92795,0.9282,1.75,1.75
2015.10.05 06:30:50.163,0.92794,0.92821,2.25,1.75
2015.10.05 06:30:50.214,0.92799,0.92819,1.00,1.00
2015.10.05 06:30:50.745,0.928,0.9282,1.00,1.00
2015.10.05 06:30:50.795,0.92797,0.92822,1.75,1.75
2015.10.05 06:31:00.605,0.92795,0.92822,1.75,1.75
2015.10.05 06:31:00.813,0.92796,0.92823,1.75,1.75
2015.10.05 06:31:01.015,0.92796,0.92823,1.75,1.75
2015.10.05 06:31:01.723,0.928,0.92827,1.75,1.75
2015.10.05 06:31:03.118,0.92804,0.92826,1.00,1.75
2015.10.05 06:31:04.061,0.92805,0.92824,1.00,1.00
2015.10.05 06:31:04.582,0.92804,0.92824,1.50,1.00
2015.10.05 06:31:05.492,0.92811,0.92824,1.00,1.00
2015.10.05 06:31:05.544,0.92811,0.92836,1.75,1.75
2015.10.05 06:31:05.595,0.92813,0.92838,1.75,1.75
2015.10.05 06:31:06.110,0.92813,0.92838,1.75,1.75
2015.10.05 06:31:06.312,0.92812,0.92839,1.75,3.00
2015.10.05 06:31:06.514,0.92809,0.92834,1.50,1.75
2015.10.05 06:31:09.629,0.92809,0.92836,1.75,1.75
2015.10.05 06:31:10.134,0.92812,0.92837,1.75,1.75
2015.10.05 06:31:10.819,0.92813,0.9284,1.75,1.75
2015.10.05 06:31:13.139,0.92814,0.9284,1.12,3.00
2015.10.05 06:31:13.391,0.9281,0.92835,1.12,1.75
2015.10.05 06:31:13.803,0.9281,0.92831,1.37,1.00
2015.10.05 06:31:14.534,0.92814,0.92835,1.00,1.75
2015.10.05 06:31:15.352,0.92814,0.92832,1.00,1.00
2015.10.05 06:31:20.564,0.92818,0.9284,1.00,1.75
2015.10.05 06:31:20.877,0.92824,0.9284,1.00,1.75
2015.10.05 06:31:20.928,0.92824,0.9284,1.00,1.75
2015.10.05 06:31:21.130,0.92818,0.92842,1.50,1.75
2015.10.05 06:31:21.925,0.92819,0.92841,1.50,1.75
2015.10.05 06:31:22.942,0.92818,0.92843,1.75,1.75
2015.10.05 06:31:25.642,0.92818,0.92841,1.37,1.75
2015.10.05 06:31:35.277,0.92819,0.9284,1.00,1.75
2015.10.05 06:31:35.781,0.92818,0.9284,1.12,1.75
2015.10.05 06:31:37.371,0.92819,0.9284,1.00,1.75
2015.10.05 06:31:37.573,0.92819,0.9283,1.00,1.00
2015.10.05 06:31:37.624,0.92815,0.9283,1.00,1.00
2015.10.05 06:31:37.675,0.92815,0.9284,1.37,1.75
2015.10.05 06:31:37.776,0.92809,0.92834,1.75,1.75
2015.10.05 06:31:37.877,0.92809,0.92831,1.12,1.75
2015.10.05 06:31:38.362,0.92811,0.92834,1.37,1.87
2015.10.05 06:31:38.414,0.92811,0.92837,1.75,1.75
2015.10.05 06:31:38.757,0.92814,0.92842,1.75,1.75
2015.10.05 06:31:53.771,0.92818,0.9284,1.00,1.75
2015.10.05 06:31:58.981,0.92821,0.92841,1.00,1.00
2015.10.05 06:32:03.186,0.92818,0.92844,2.25,2.25
2015.10.05 06:32:03.237,0.92818,0.92843,1.50,1.75
2015.10.05 06:32:04.404,0.92818,0.92839,1.00,1.75
2015.10.05 06:32:06.280,0.92814,0.92841,2.25,2.25
2015.10.05 06:32:07.051,0.92818,0.92841,1.00,1.75
2015.10.05 06:32:07.620,0.92814,0.92841,1.75,1.75
2015.10.05 06:32:08.624,0.92819,0.92841,1.00,1.75
2015.10.05 06:32:09.025,0.92819,0.92837,1.00,1.00
2015.10.05 06:32:09.923,0.92818,0.92837,1.00,1.00
2015.10.05 06:32:09.974,0.92819,0.92843,1.75,1.75
2015.10.05 06:32:12.254,0.92819,0.92838,1.00,1.00
2015.10.05 06:32:14.461,0.92818,0.92838,1.00,1.00
2015.10.05 06:32:16.231,0.92816,0.92841,1.00,2.25
2015.10.05 06:32:17.972,0.92814,0.92838,1.50,1.75
2015.10.05 06:32:19.962,0.92814,0.92841,1.75,1.75
2015.10.05 06:32:22.128,0.92816,0.92839,1.00,1.75
2015.10.05 06:32:35.286,0.92814,0.92839,2.25,1.75
2015.10.05 06:32:40.760,0.92814,0.92836,1.12,1.75
2015.10.05 06:32:41.201,0.92815,0.92835,1.00,1.00
2015.10.05 06:32:42.149,0.9281,0.92836,1.75,2.25
2015.10.05 06:32:54.723,0.9281,0.92836,1.75,2.25
2015.10.05 06:33:09.106,0.92814,0.92838,1.00,2.25
2015.10.05 06:33:09.649,0.92812,0.92836,1.37,1.75
2015.10.05 06:33:13.402,0.92814,0.92838,1.00,3.00
2015.10.05 06:33:13.714,0.9283,0.92853,1.00,2.25
2015.10.05 06:33:13.765,0.9283,0.92849,1.00,1.00
2015.10.05 06:33:13.816,0.9283,0.92856,1.37,1.75
2015.10.05 06:33:13.867,0.92835,0.9286,1.12,1.75
2015.10.05 06:33:14.825,0.92835,0.9286,1.50,1.75
2015.10.05 06:33:14.876,0.92835,0.92855,1.50,1.00
2015.10.05 06:33:15.064,0.92835,0.9286,1.75,1.75
2015.10.05 06:33:15.467,0.92833,0.92861,1.75,1.75
2015.10.05 06:33:16.544,0.92832,0.92857,1.75,1.75
2015.10.05 06:33:17.071,0.92832,0.92857,1.75,1.75
2015.10.05 06:33:20.152,0.92831,0.92856,1.75,1.75
2015.10.05 06:33:20.437,0.92833,0.92854,1.37,1.00
2015.10.05 06:33:21.967,0.92833,0.92852,1.00,1.00
2015.10.05 06:33:22.173,0.92829,0.92855,2.25,1.75
2015.10.05 06:33:24.230,0.92823,0.92851,3.00,1.75
2015.10.05 06:33:24.281,0.92823,0.92851,1.75,1.75
2015.10.05 06:33:24.740,0.92823,0.92847,1.37,1.87
2015.10.05 06:33:24.791,0.9282,0.92847,1.75,3.00
2015.10.05 06:33:27.860,0.92819,0.92845,1.75,1.75
2015.10.05 06:33:28.658,0.92823,0.92847,1.00,1.75
2015.10.05 06:33:29.589,0.9282,0.92847,1.75,2.25
2015.10.05 06:33:30.398,0.92821,0.92846,1.12,1.75
2015.10.05 06:33:31.173,0.92822,0.92846,1.00,1.75
2015.10.05 06:33:31.699,0.92821,0.92846,1.12,2.25
2015.10.05 06:33:33.179,0.9282,0.92847,1.75,1.75
2015.10.05 06:33:34.432,0.92821,0.92841,1.00,1.00
2015.10.05 06:33:34.482,0.92818,0.92844,2.25,1.75
2015.10.05 06:33:38.568,0.92815,0.92842,1.75,1.75
2015.10.05 06:33:47.267,0.92815,0.92844,1.75,1.75
2015.10.05 06:33:47.884,0.92819,0.92843,1.75,1.75
2015.10.05 06:33:48.586,0.92819,0.92843,1.75,1.75
2015.10.05 06:33:48.639,0.92816,0.92841,1.75,1.75
2015.10.05 06:33:48.894,0.92814,0.92842,1.75,1.75
2015.10.05 06:33:49.096,0.92808,0.92833,5.25,1.12
2015.10.05 06:33:49.398,0.92806,0.92833,1.75,1.75
2015.10.05 06:33:50.228,0.92805,0.92832,1.75,1.75
2015.10.05 06:33:50.703,0.92805,0.92832,1.75,1.75
2015.10.05 06:33:51.206,0.92811,0.9283,1.00,1.00
2015.10.05 06:33:53.011,0.92809,0.92837,2.25,1.75
2015.10.05 06:33:53.112,0.92809,0.92837,2.25,1.75
2015.10.05 06:33:54.013,0.92813,0.92836,1.00,1.75
2015.10.05 06:33:54.115,0.92811,0.92836,1.75,1.50
2015.10.05 06:33:54.673,0.92811,0.92836,1.75,1.12
2015.10.05 06:33:54.895,0.92811,0.92836,1.75,1.37
2015.10.05 06:33:58.899,0.92814,0.92839,1.75,1.75
2015.10.05 06:33:59.832,0.92814,0.92839,1.50,1.75
2015.10.05 06:34:00.715,0.92811,0.92832,1.37,1.87
2015.10.05 06:34:00.765,0.92801,0.92828,1.75,1.75
2015.10.05 06:34:00.917,0.92801,0.92827,1.75,1.75
2015.10.05 06:34:01.219,0.92801,0.92829,1.75,1.75
2015.10.05 06:34:01.526,0.928,0.92827,1.75,1.75
2015.10.05 06:34:02.061,0.92802,0.92826,1.37,3.75
2015.10.05 06:34:02.112,0.92803,0.92829,1.75,1.75
2015.10.05 06:34:02.515,0.92804,0.92831,1.75,1.75
2015.10.05 06:34:03.019,0.92807,0.92834,1.75,1.75
2015.10.05 06:34:04.066,0.92815,0.92842,1.75,1.75
2015.10.05 06:34:06.049,0.92813,0.9284,1.75,1.75
2015.10.05 06:34:07.724,0.92814,0.92842,1.75,1.75
2015.10.05 06:34:08.928,0.92817,0.92844,1.75,1.75
2015.10.05 06:34:09.399,0.92822,0.92842,1.00,1.00
2015.10.05 06:34:09.908,0.9282,0.92846,1.75,1.75
2015.10.05 06:34:15.349,0.92819,0.92845,2.25,1.75
2015.10.05 06:34:16.160,0.92819,0.92846,2.25,1.75
2015.10.05 06:34:17.387,0.9282,0.92846,1.75,1.75
2015.10.05 06:34:18.780,0.92822,0.92848,1.50,1.75
2015.10.05 06:34:19.343,0.92821,0.92846,1.50,3.75
2015.10.05 06:34:19.881,0.92815,0.92844,1.75,1.75
2015.10.05 06:34:19.932,0.92815,0.92844,1.75,1.75
2015.10.05 06:34:19.982,0.92815,0.92844,1.75,3.00
2015.10.05 06:34:20.286,0.92818,0.92838,1.00,1.00
2015.10.05 06:34:23.564,0.92817,0.92844,1.75,4.50
2015.10.05 06:34:24.186,0.92817,0.92844,1.75,1.75
2015.10.05 06:34:24.287,0.92817,0.92844,1.75,1.75
2015.10.05 06:34:28.271,0.92818,0.92845,2.25,1.75
2015.10.05 06:34:28.473,0.92824,0.92844,1.00,1.00
2015.10.05 06:34:29.011,0.92813,0.92839,2.25,1.75
2015.10.05 06:34:29.162,0.92812,0.92841,1.75,1.75
2015.10.05 06:34:29.263,0.92818,0.92838,1.00,1.00
2015.10.05 06:34:29.566,0.92821,0.92841,1.00,1.00
2015.10.05 06:34:31.015,0.92815,0.92844,1.75,1.75
2015.10.05 06:34:31.066,0.9282,0.9284,1.00,1.00
2015.10.05 06:34:31.802,0.92814,0.92843,1.75,1.75
2015.10.05 06:34:32.459,0.92815,0.92844,1.75,1.75
2015.10.05 06:34:32.812,0.92815,0.92844,1.75,1.75
2015.10.05 06:34:34.151,0.92816,0.92842,1.75,1.75
2015.10.05 06:34:35.174,0.92815,0.92844,1.75,3.00
2015.10.05 06:34:35.275,0.92816,0.92836,1.00,1.00
2015.10.05 06:34:35.715,0.92816,0.92843,1.75,1.75
2015.10.05 06:34:38.513,0.92816,0.92844,1.75,1.75
2015.10.05 06:34:38.614,0.92818,0.92844,1.75,1.75
2015.10.05 06:34:39.612,0.92817,0.92844,1.75,1.75
2015.10.05 06:34:40.091,0.92817,0.92846,1.75,1.75
2015.10.05 06:34:41.977,0.92817,0.92843,1.50,1.75
2015.10.05 06:34:42.028,0.92817,0.92843,1.50,1.75
2015.10.05 06:34:42.280,0.92817,0.92844,1.75,1.75
2015.10.05 06:34:42.381,0.92817,0.92844,3.00,1.50
2015.10.05 06:34:42.482,0.92825,0.92845,1.00,1.00
2015.10.05 06:34:42.683,0.92823,0.9285,1.75,1.75
2015.10.05 06:34:43.720,0.92821,0.92846,1.75,1.75
2015.10.05 06:34:44.226,0.92819,0.92846,1.75,1.75
2015.10.05 06:34:54.210,0.92821,0.92848,1.75,1.75
2015.10.05 06:34:54.646,0.92825,0.92845,1.00,1.00
2015.10.05 06:34:55.826,0.92822,0.92846,1.75,1.50
2015.10.05 06:34:56.373,0.92819,0.92848,2.25,1.75
2015.10.05 06:34:56.525,0.92824,0.92844,1.00,1.00
2015.10.05 06:34:58.242,0.92817,0.92845,1.75,1.75
2015.10.05 06:34:59.185,0.92817,0.92841,1.75,1.75
2015.10.05 06:35:10.133,0.92815,0.92841,1.75,1.75
2015.10.05 06:35:10.234,0.92809,0.92834,1.75,1.75
2015.10.05 06:35:10.335,0.92809,0.92834,1.12,1.75
2015.10.05 06:35:10.437,0.92808,0.92827,1.00,1.00
2015.10.05 06:35:11.100,0.92804,0.92831,1.75,2.25
2015.10.05 06:35:11.758,0.92806,0.92831,1.75,1.75
2015.10.05 06:35:11.859,0.92806,0.92832,1.75,1.75
2015.10.05 06:35:12.062,0.92807,0.92835,3.00,1.75
2015.10.05 06:35:14.757,0.92812,0.92832,1.00,1.12
2015.10.05 06:35:14.963,0.92811,0.9283,1.00,1.00
2015.10.05 06:35:15.265,0.92804,0.9283,1.75,1.75
2015.10.05 06:35:16.188,0.92805,0.9283,1.75,1.75
2015.10.05 06:35:16.793,0.92805,0.92829,1.75,1.00
2015.10.05 06:35:17.197,0.92809,0.9283,1.00,1.37
2015.10.05 06:35:17.817,0.92805,0.9283,1.75,1.12
2015.10.05 06:35:20.657,0.92805,0.9283,1.75,1.37
2015.10.05 06:35:21.061,0.92807,0.92829,1.00,1.75
2015.10.05 06:35:21.162,0.92799,0.92819,2.25,1.00
2015.10.05 06:35:21.263,0.92795,0.92818,3.75,1.37
2015.10.05 06:35:21.364,0.92796,0.92817,1.75,1.00
2015.10.05 06:35:21.466,0.92799,0.92824,1.37,1.75
2015.10.05 06:35:21.567,0.92799,0.92824,1.75,1.75
2015.10.05 06:35:21.618,0.92799,0.92824,1.75,1.75
2015.10.05 06:35:22.061,0.92799,0.92824,1.75,1.75
2015.10.05 06:35:22.112,0.92801,0.92822,1.00,1.37
2015.10.05 06:35:22.617,0.92801,0.92821,1.00,1.75
2015.10.05 06:35:22.667,0.92795,0.92823,1.75,1.75
2015.10.05 06:35:24.487,0.92795,0.92822,1.75,1.75
2015.10.05 06:35:24.588,0.92794,0.9282,1.75,1.12
2015.10.05 06:35:24.690,0.92792,0.92819,1.75,1.37
2015.10.05 06:35:25.551,0.92798,0.92818,1.00,1.00
2015.10.05 06:35:28.502,0.92794,0.92821,1.75,1.75
2015.10.05 06:35:29.006,0.92794,0.92819,1.75,1.12
2015.10.05 06:35:29.479,0.92798,0.92818,1.00,1.00
2015.10.05 06:35:30.008,0.92795,0.9282,1.75,1.50
2015.10.05 06:35:30.058,0.92795,0.9282,1.75,1.12
2015.10.05 06:35:30.711,0.92801,0.9282,1.00,1.37
2015.10.05 06:35:30.812,0.92799,0.92819,1.00,1.37
2015.10.05 06:35:31.683,0.92798,0.92818,1.00,1.00
2015.10.05 06:35:34.567,0.92794,0.92819,1.75,1.75
2015.10.05 06:35:35.090,0.92793,0.92821,1.75,1.75
2015.10.05 06:35:38.302,0.92798,0.92819,1.00,1.75
2015.10.05 06:35:46.026,0.92795,0.92822,1.75,1.75
2015.10.05 06:35:47.378,0.92793,0.92822,1.75,3.00
2015.10.05 06:35:47.429,0.92795,0.92815,1.00,1.00
2015.10.05 06:35:48.226,0.92792,0.92812,1.00,1.00
2015.10.05 06:35:48.542,0.92795,0.92815,1.00,1.00
2015.10.05 06:35:50.300,0.92788,0.92815,1.75,1.50
2015.10.05 06:35:50.553,0.92788,0.92808,1.00,1.50
2015.10.05 06:35:50.604,0.9278,0.92808,2.25,1.50
2015.10.05 06:35:50.656,0.92779,0.92808,1.75,1.75
2015.10.05 06:35:51.809,0.92781,0.92808,1.75,1.75
2015.10.05 06:35:51.860,0.92783,0.92802,1.00,1.00
2015.10.05 06:35:52.162,0.92779,0.92808,2.25,1.75
2015.10.05 06:35:53.446,0.92786,0.92809,3.75,1.00
2015.10.05 06:35:53.497,0.92786,0.92814,4.50,1.00
2015.10.05 06:35:53.547,0.92787,0.92815,2.25,1.75
2015.10.05 06:35:55.456,0.92795,0.92814,1.00,1.00
2015.10.05 06:35:55.557,0.92788,0.92815,1.75,1.75
2015.10.05 06:35:56.071,0.92787,0.92816,3.00,1.75
2015.10.05 06:35:56.474,0.92786,0.92813,3.00,1.75
2015.10.05 06:35:57.003,0.92786,0.92813,1.75,1.75
2015.10.05 06:35:59.150,0.92786,0.92813,1.75,1.50
2015.10.05 06:36:02.549,0.92787,0.92816,1.75,1.75
2015.10.05 06:36:03.977,0.92794,0.92814,1.00,1.00
2015.10.05 06:36:04.426,0.92789,0.9281,1.75,1.12
2015.10.05 06:36:04.476,0.92783,0.9281,2.25,1.75
2015.10.05 06:36:06.318,0.92784,0.92811,1.75,1.75
2015.10.05 06:36:06.369,0.92783,0.92812,1.75,1.75
2015.10.05 06:36:06.923,0.92784,0.92811,1.75,1.75
2015.10.05 06:36:07.024,0.92788,0.92807,1.00,1.00
2015.10.05 06:36:14.122,0.92783,0.92812,1.75,1.75
2015.10.05 06:36:14.398,0.92786,0.92813,1.75,1.75
2015.10.05 06:36:15.274,0.92789,0.92809,1.00,1.00
2015.10.05 06:36:18.306,0.92784,0.92811,1.75,1.75
2015.10.05 06:36:20.274,0.92782,0.92809,1.75,1.50
2015.10.05 06:36:20.375,0.92789,0.92809,1.00,1.50
2015.10.05 06:36:20.671,0.92789,0.92807,1.00,1.00
2015.10.05 06:36:20.822,0.9278,0.92807,1.75,1.75
2015.10.05 06:36:21.431,0.92785,0.92805,1.00,1.00
2015.10.05 06:36:21.695,0.92782,0.92811,1.75,1.75
2015.10.05 06:36:21.747,0.92788,0.92807,1.00,1.00
2015.10.05 06:36:21.925,0.92784,0.92811,1.75,2.25
2015.10.05 06:36:22.228,0.92784,0.9281,2.25,1.00
2015.10.05 06:36:22.530,0.92786,0.92813,3.00,1.75
2015.10.05 06:36:22.581,0.92786,0.92813,3.00,1.50
2015.10.05 06:36:23.542,0.92783,0.9281,3.00,1.50
2015.10.05 06:36:24.083,0.92783,0.9281,2.25,1.50
2015.10.05 06:36:24.535,0.92781,0.9281,3.00,1.50
2015.10.05 06:36:24.586,0.92781,0.9281,1.75,1.75
2015.10.05 06:36:25.265,0.9278,0.92807,1.75,1.75
2015.10.05 06:36:27.239,0.92781,0.92804,1.75,1.00
2015.10.05 06:36:27.813,0.92781,0.9281,1.75,1.75
2015.10.05 06:36:27.965,0.92783,0.9281,1.75,1.75
2015.10.05 06:36:29.492,0.9278,0.92807,3.00,1.00
2015.10.05 06:36:29.804,0.9278,0.92807,1.75,1.50
2015.10.05 06:36:31.005,0.9278,0.92806,1.75,1.50
2015.10.05 06:36:31.310,0.92781,0.92801,1.00,1.00
2015.10.05 06:36:31.825,0.92775,0.92801,4.50,1.37
2015.10.05 06:36:32.715,0.92778,0.92805,1.75,1.75
2015.10.05 06:36:32.816,0.92778,0.92805,1.75,1.75
2015.10.05 06:36:33.321,0.92779,0.92806,1.75,2.25
2015.10.05 06:36:36.412,0.92779,0.92806,1.75,1.75
2015.10.05 06:36:36.463,0.92779,0.92806,1.75,1.75
2015.10.05 06:36:41.201,0.92779,0.92806,1.75,1.75
2015.10.05 06:36:41.656,0.92778,0.92805,3.00,1.50
2015.10.05 06:36:41.858,0.92783,0.92806,1.75,1.50
2015.10.05 06:36:51.393,0.92787,0.92812,1.75,1.75
2015.10.05 06:36:51.443,0.92787,0.92812,1.75,1.75
2015.10.05 06:36:52.037,0.92785,0.92814,1.75,3.00
2015.10.05 06:36:52.088,0.92785,0.92813,1.75,2.25
2015.10.05 06:36:52.748,0.92784,0.92811,1.75,1.75
2015.10.05 06:36:53.807,0.92781,0.9281,1.75,1.75
2015.10.05 06:36:54.956,0.92785,0.92805,1.00,1.00
2015.10.05 06:36:55.665,0.92779,0.92807,1.75,1.75
2015.10.05 06:36:57.660,0.92781,0.92809,1.75,2.25
2015.10.05 06:36:57.711,0.92784,0.9281,1.75,1.75
2015.10.05 06:37:04.424,0.92784,0.92811,1.75,1.75
2015.10.05 06:37:05.589,0.92784,0.92811,1.75,1.75
2015.10.05 06:37:07.693,0.92783,0.9281,1.75,1.75
2015.10.05 06:37:13.677,0.92781,0.9281,3.00,1.75
2015.10.05 06:37:16.684,0.92781,0.92809,2.25,1.75
2015.10.05 06:37:16.734,0.9278,0.92809,1.75,1.75
2015.10.05 06:37:18.993,0.92786,0.92806,1.00,1.00
2015.10.05 06:37:20.718,0.92782,0.92806,1.75,1.00
2015.10.05 06:37:28.452,0.92782,0.92807,2.25,1.00
2015.10.05 06:37:28.833,0.92788,0.9281,1.00,1.75
2015.10.05 06:37:31.722,0.92783,0.9281,1.75,1.75
2015.10.05 06:37:31.924,0.92787,0.92807,1.00,1.00
2015.10.05 06:37:32.480,0.92783,0.92812,1.75,1.75
2015.10.05 06:37:34.670,0.92787,0.92812,1.00,3.00
2015.10.05 06:37:45.937,0.92781,0.92806,1.75,1.00
2015.10.05 06:37:47.344,0.92781,0.92807,1.75,1.12
2015.10.05 06:37:47.445,0.92781,0.92807,1.75,1.37
2015.10.05 06:37:48.441,0.9278,0.92807,1.75,1.50
2015.10.05 06:37:48.542,0.92787,0.92807,1.00,1.50
2015.10.05 06:37:55.340,0.92781,0.92807,1.75,1.12
2015.10.05 06:37:59.203,0.92788,0.92808,1.00,1.00
2015.10.05 06:38:01.111,0.92782,0.92809,1.75,1.75
2015.10.05 06:38:12.505,0.92784,0.92811,1.75,2.25
2015.10.05 06:38:12.556,0.92786,0.92811,1.75,1.75
2015.10.05 06:38:12.607,0.92786,0.92809,1.75,1.00
2015.10.05 06:38:12.910,0.92788,0.92811,1.75,1.00
2015.10.05 06:38:13.212,0.9279,0.92813,1.75,1.00
2015.10.05 06:38:14.162,0.92793,0.92821,2.25,1.75
2015.10.05 06:38:14.213,0.928,0.92827,1.37,2.25
2015.10.05 06:38:14.264,0.92805,0.92824,1.00,1.00
2015.10.05 06:38:14.616,0.92799,0.92825,3.00,1.00
2015.10.05 06:38:14.818,0.92802,0.92829,1.75,1.75
2015.10.05 06:38:15.322,0.92802,0.92829,1.75,1.75
2015.10.05 06:38:15.974,0.92809,0.92832,1.37,1.50
2015.10.05 06:38:16.025,0.92812,0.92832,1.00,1.00
2015.10.05 06:38:16.703,0.92812,0.92831,1.00,1.00
2015.10.05 06:38:16.854,0.9281,0.9283,1.00,1.00
2015.10.05 06:38:16.905,0.92805,0.92831,1.75,1.75
2015.10.05 06:38:18.054,0.92805,0.92831,1.75,1.75
2015.10.05 06:38:20.533,0.9281,0.92829,1.00,1.00
2015.10.05 06:38:26.159,0.92809,0.92829,1.00,1.00
2015.10.05 06:38:35.388,0.92806,0.92832,1.75,1.75
2015.10.05 06:38:36.537,0.92806,0.92832,1.75,1.75
2015.10.05 06:38:55.801,0.92806,0.92831,1.75,1.75
2015.10.05 06:38:56.053,0.92806,0.9283,1.75,1.00
2015.10.05 06:38:58.594,0.92808,0.92831,1.75,1.00
2015.10.05 06:38:58.745,0.92807,0.92834,1.75,1.75
2015.10.05 06:39:02.064,0.92806,0.92833,1.75,1.50
2015.10.05 06:39:02.568,0.9281,0.92832,1.00,1.75
2015.10.05 06:39:13.079,0.92806,0.92831,1.75,1.75
2015.10.05 06:39:14.006,0.92806,0.92831,1.75,1.75
2015.10.05 06:39:27.257,0.92804,0.92831,1.75,2.25
