2014.05.08 06:00:01.328,1.02032,1.02046,1.50,2.33
2014.05.08 06:00:01.479,1.02032,1.02048,1.50,1.15
2014.05.08 06:00:03.004,1.02032,1.02048,1.50,1.15
2014.05.08 06:00:10.594,1.02035,1.02049,1.50,1.15
2014.05.08 06:00:11.545,1.02035,1.02049,1.50,1.15
2014.05.08 06:00:12.640,1.02035,1.02049,1.50,3.45
2014.05.08 06:00:14.199,1.02032,1.02049,1.50,3.08
2014.05.08 06:00:14.401,1.02035,1.02048,1.50,1.15
2014.05.08 06:00:18.553,1.02034,1.02048,1.00,1.15
2014.05.08 06:00:20.188,1.02034,1.02048,1.00,3.08
2014.05.08 06:00:20.490,1.02034,1.02048,1.00,1.15
2014.05.08 06:00:21.127,1.02034,1.02048,1.00,1.00
2014.05.08 06:00:23.535,1.02035,1.02048,1.50,1.00
2014.05.08 06:00:32.124,1.02038,1.02048,1.58,1.00
2014.05.08 06:00:32.225,1.02046,1.02059,1.50,1.98
2014.05.08 06:00:32.334,1.02046,1.02059,1.50,1.73
2014.05.08 06:00:32.384,1.02037,1.02053,2.33,1.00
2014.05.08 06:00:32.636,1.02035,1.02053,1.65,1.10
2014.05.08 06:00:32.688,1.0204,1.02053,1.50,1.10
2014.05.08 06:00:32.990,1.02041,1.02053,1.58,1.00
2014.05.08 06:00:33.209,1.02034,1.02053,2.03,1.00
2014.05.08 06:00:33.362,1.02034,1.02049,1.65,1.00
2014.05.08 06:00:33.413,1.02034,1.02049,1.65,1.00
2014.05.08 06:00:33.614,1.02034,1.02054,1.65,1.28
2014.05.08 06:00:33.882,1.02041,1.02054,1.50,1.28
2014.05.08 06:00:34.184,1.02035,1.02049,1.65,1.00
2014.05.08 06:00:34.690,1.02035,1.02049,1.58,1.00
2014.05.08 06:00:36.145,1.02035,1.02043,1.58,1.00
2014.05.08 06:00:36.297,1.02031,1.02043,1.50,1.00
2014.05.08 06:00:36.398,1.02031,1.02048,1.50,1.28
2014.05.08 06:00:36.449,1.02033,1.02048,1.50,1.18
2014.05.08 06:00:36.961,1.02033,1.02048,1.50,1.00
2014.05.08 06:00:37.403,1.02037,1.02053,1.50,1.45
2014.05.08 06:00:37.504,1.02037,1.02054,1.50,1.15
2014.05.08 06:00:37.555,1.02037,1.02049,1.50,1.00
2014.05.08 06:00:37.807,1.02033,1.02053,2.78,1.10
2014.05.08 06:00:37.858,1.02034,1.02053,2.33,1.10
2014.05.08 06:00:38.317,1.02033,1.02053,2.78,1.20
2014.05.08 06:00:42.900,1.02033,1.02053,1.65,1.10
2014.05.08 06:00:43.406,1.02033,1.02053,1.65,1.10
2014.05.08 06:00:48.095,1.02036,1.02053,2.33,1.00
2014.05.08 06:00:48.246,1.02033,1.02053,6.38,1.00
2014.05.08 06:00:48.853,1.02036,1.02059,1.15,1.53
2014.05.08 06:00:49.004,1.02036,1.02059,1.15,1.15
2014.05.08 06:00:49.326,1.02038,1.02059,2.70,1.08
2014.05.08 06:01:02.437,1.02039,1.02059,2.70,1.08
2014.05.08 06:01:03.312,1.02041,1.02059,2.33,1.00
2014.05.08 06:01:18.494,1.02042,1.02059,1.58,1.00
2014.05.08 06:01:30.135,1.02039,1.02059,2.33,1.00
2014.05.08 06:01:31.989,1.0204,1.02059,2.33,1.00
2014.05.08 06:01:33.754,1.02039,1.02059,2.33,1.20
2014.05.08 06:01:33.920,1.02036,1.02059,1.53,1.28
2014.05.08 06:01:34.440,1.02041,1.02061,1.00,1.53
2014.05.08 06:01:34.491,1.02041,1.0206,1.00,2.70
2014.05.08 06:01:34.743,1.02041,1.02062,1.00,3.45
2014.05.08 06:01:39.670,1.02047,1.02062,1.50,2.70
2014.05.08 06:01:39.771,1.02047,1.02064,1.50,1.53
2014.05.08 06:01:40.030,1.02047,1.02066,2.25,3.00
2014.05.08 06:01:40.652,1.02049,1.02066,1.50,1.88
2014.05.08 06:01:40.955,1.02046,1.02064,1.58,1.53
2014.05.08 06:01:41.056,1.02046,1.02064,1.50,1.53
2014.05.08 06:01:42.253,1.02046,1.02064,1.50,3.45
2014.05.08 06:01:42.911,1.02046,1.02058,1.50,1.00
2014.05.08 06:01:42.961,1.02041,1.02058,1.65,1.00
2014.05.08 06:01:43.175,1.02037,1.02058,1.28,1.18
2014.05.08 06:01:47.423,1.02037,1.02058,1.15,1.55
2014.05.08 06:01:49.156,1.02037,1.02058,1.15,1.28
2014.05.08 06:01:51.104,1.02047,1.02061,1.00,1.53
2014.05.08 06:01:51.205,1.02048,1.02066,1.50,1.13
2014.05.08 06:01:51.407,1.02041,1.02064,5.63,1.15
2014.05.08 06:01:51.508,1.02041,1.02063,1.18,2.70
2014.05.08 06:01:55.401,1.02042,1.02063,2.25,1.15
2014.05.08 06:01:55.452,1.02042,1.02063,2.33,1.08
2014.05.08 06:01:55.654,1.02042,1.02058,2.33,1.00
2014.05.08 06:01:55.755,1.02039,1.02058,2.85,1.00
2014.05.08 06:01:56.472,1.02042,1.02063,1.08,4.20
2014.05.08 06:01:56.825,1.02046,1.02063,1.00,3.08
2014.05.08 06:01:57.077,1.02048,1.02063,1.50,1.18
2014.05.08 06:01:57.178,1.02042,1.02063,1.65,1.28
2014.05.08 06:01:57.229,1.02042,1.02063,1.55,1.28
2014.05.08 06:01:57.481,1.02042,1.02063,1.15,1.08
2014.05.08 06:01:57.733,1.02042,1.02063,1.08,3.45
2014.05.08 06:01:58.242,1.02042,1.02063,1.00,6.38
2014.05.08 06:01:58.832,1.02037,1.02058,1.53,1.20
2014.05.08 06:01:59.572,1.02042,1.02063,1.00,6.38
2014.05.08 06:01:59.881,1.02042,1.02063,1.15,1.15
2014.05.08 06:01:59.932,1.02047,1.02067,1.00,4.95
2014.05.08 06:02:00.033,1.02047,1.02067,1.10,1.90
2014.05.08 06:02:00.338,1.02041,1.02064,2.03,1.15
2014.05.08 06:02:00.594,1.02041,1.02058,2.03,1.00
2014.05.08 06:02:01.111,1.02041,1.02064,1.53,1.15
2014.05.08 06:02:02.132,1.02049,1.02068,1.50,4.95
2014.05.08 06:02:02.642,1.02047,1.02069,1.58,5.03
2014.05.08 06:02:03.672,1.02048,1.02068,1.50,1.60
2014.05.08 06:02:04.382,1.02048,1.02068,1.58,1.15
2014.05.08 06:02:04.433,1.02051,1.02068,1.65,1.10
2014.05.08 06:02:04.735,1.02049,1.02068,1.50,2.03
2014.05.08 06:02:04.886,1.02051,1.02068,1.00,1.15
2014.05.08 06:02:05.259,1.02054,1.02073,1.50,3.30
2014.05.08 06:02:06.482,1.02054,1.02071,1.50,2.93
2014.05.08 06:02:06.601,1.02051,1.02071,2.33,2.93
2014.05.08 06:02:06.704,1.02051,1.02073,2.40,3.30
2014.05.08 06:02:07.922,1.02055,1.02072,1.50,1.13
2014.05.08 06:02:13.448,1.02055,1.02072,1.50,2.93
2014.05.08 06:02:29.049,1.02055,1.02074,1.50,6.83
2014.05.08 06:02:31.050,1.02055,1.02074,1.50,1.60
2014.05.08 06:02:31.202,1.02055,1.02074,1.65,1.28
2014.05.08 06:02:31.252,1.02055,1.02074,1.65,1.20
2014.05.08 06:02:36.175,1.02067,1.02077,1.50,1.15
2014.05.08 06:02:36.226,1.02067,1.02077,1.50,1.20
2014.05.08 06:02:36.428,1.02061,1.02077,1.50,1.20
2014.05.08 06:02:36.529,1.02061,1.02079,1.50,1.53
2014.05.08 06:02:43.264,1.02061,1.02079,1.58,1.10
2014.05.08 06:02:48.602,1.02061,1.02079,1.58,1.48
2014.05.08 06:02:48.703,1.02061,1.02079,1.50,1.53
2014.05.08 06:02:51.145,1.0206,1.02079,1.50,1.53
2014.05.08 06:02:52.570,1.0206,1.02074,1.50,1.00
2014.05.08 06:02:52.671,1.02054,1.02074,1.65,1.28
2014.05.08 06:02:52.973,1.02054,1.02074,1.65,1.28
2014.05.08 06:02:53.275,1.0206,1.02079,1.50,1.53
2014.05.08 06:02:55.318,1.0206,1.02078,1.50,2.70
2014.05.08 06:02:59.015,1.0206,1.02079,1.58,1.15
2014.05.08 06:03:01.810,1.0206,1.02073,1.58,1.00
2014.05.08 06:03:08.968,1.02057,1.02068,5.70,1.00
2014.05.08 06:03:09.070,1.02057,1.02068,2.03,1.00
2014.05.08 06:03:09.636,1.02055,1.02063,2.18,1.00
2014.05.08 06:03:09.787,1.02053,1.02063,2.70,1.00
2014.05.08 06:03:09.888,1.02049,1.02068,6.38,1.00
2014.05.08 06:03:14.434,1.02051,1.02068,2.70,1.00
2014.05.08 06:03:14.585,1.02052,1.02073,1.53,1.10
2014.05.08 06:03:14.635,1.02061,1.02073,1.50,1.10
2014.05.08 06:03:22.132,1.02059,1.02073,1.58,1.00
2014.05.08 06:03:26.120,1.02059,1.02078,1.50,1.28
2014.05.08 06:03:32.438,1.02059,1.02078,1.50,1.28
2014.05.08 06:03:34.810,1.02059,1.02073,1.50,1.00
2014.05.08 06:03:34.912,1.02053,1.02073,2.03,1.15
2014.05.08 06:03:35.013,1.02053,1.02073,2.03,1.10
2014.05.08 06:03:36.350,1.02057,1.02078,1.00,6.15
2014.05.08 06:03:36.753,1.02052,1.02074,1.58,3.45
2014.05.08 06:03:37.060,1.02052,1.02072,1.58,2.33
2014.05.08 06:03:37.590,1.02055,1.02074,1.50,1.53
2014.05.08 06:03:38.416,1.02055,1.02074,1.65,1.18
2014.05.08 06:03:40.354,1.02055,1.02074,1.65,1.00
2014.05.08 06:03:40.690,1.02061,1.02078,1.50,1.53
2014.05.08 06:03:40.995,1.02061,1.02078,1.65,1.10
2014.05.08 06:03:41.696,1.02061,1.02078,1.65,1.00
2014.05.08 06:03:41.850,1.02061,1.02084,1.15,1.90
2014.05.08 06:03:43.736,1.02061,1.02084,1.15,1.28
2014.05.08 06:03:44.279,1.02061,1.02084,1.18,1.28
2014.05.08 06:03:44.396,1.02061,1.02084,1.18,1.28
2014.05.08 06:03:44.698,1.02059,1.02079,4.20,1.00
2014.05.08 06:03:45.927,1.02059,1.02079,2.03,1.10
2014.05.08 06:03:49.210,1.02062,1.02084,1.65,3.45
2014.05.08 06:03:49.261,1.02062,1.02084,1.65,1.28
2014.05.08 06:03:49.362,1.0206,1.02079,2.03,1.00
2014.05.08 06:03:51.173,1.02063,1.02079,1.65,1.00
2014.05.08 06:03:51.498,1.02063,1.02079,1.65,1.00
2014.05.08 06:03:51.789,1.02063,1.02079,1.58,1.13
2014.05.08 06:04:04.459,1.02064,1.02079,1.50,1.00
2014.05.08 06:04:14.510,1.02064,1.02079,1.50,1.18
2014.05.08 06:04:15.315,1.02064,1.02079,1.58,1.00
2014.05.08 06:04:15.858,1.02064,1.02079,1.50,1.08
2014.05.08 06:04:16.941,1.02064,1.02079,1.58,1.00
2014.05.08 06:04:18.541,1.02064,1.02079,1.58,1.00
2014.05.08 06:04:18.592,1.02066,1.02087,1.10,3.08
2014.05.08 06:04:18.643,1.02068,1.02088,2.63,4.13
2014.05.08 06:04:18.951,1.02075,1.02088,1.50,2.25
2014.05.08 06:04:19.153,1.02071,1.02088,2.33,2.63
2014.05.08 06:04:19.304,1.02071,1.02094,2.78,1.28
2014.05.08 06:04:19.355,1.02076,1.02094,1.50,1.28
2014.05.08 06:04:19.509,1.02076,1.02094,1.58,1.20
2014.05.08 06:04:19.711,1.02083,1.02098,1.50,2.33
2014.05.08 06:04:19.762,1.02083,1.02099,1.50,1.28
2014.05.08 06:04:19.867,1.02083,1.02099,1.58,1.18
2014.05.08 06:04:19.968,1.02078,1.02099,1.35,2.03
2014.05.08 06:04:20.125,1.02083,1.02099,1.50,2.03
2014.05.08 06:04:20.327,1.02083,1.02099,1.50,1.15
2014.05.08 06:04:20.895,1.02083,1.02099,1.65,1.10
2014.05.08 06:04:21.382,1.02083,1.02103,1.65,1.53
2014.05.08 06:04:21.685,1.02093,1.02103,1.50,1.00
2014.05.08 06:04:22.110,1.02093,1.02108,1.50,1.00
2014.05.08 06:04:23.538,1.02093,1.02104,1.50,1.00
2014.05.08 06:04:24.862,1.02093,1.02104,1.88,1.00
2014.05.08 06:04:25.014,1.02093,1.02104,2.03,1.00
2014.05.08 06:04:25.069,1.02093,1.02109,2.03,1.00
2014.05.08 06:04:25.120,1.02093,1.02109,1.65,1.00
2014.05.08 06:04:25.332,1.02099,1.02113,1.50,1.20
2014.05.08 06:04:25.383,1.02093,1.02113,2.10,1.20
2014.05.08 06:04:25.434,1.02093,1.02113,2.10,1.58
2014.05.08 06:04:25.938,1.02096,1.02109,1.50,1.00
2014.05.08 06:04:26.250,1.02092,1.02109,1.50,1.15
2014.05.08 06:04:26.552,1.02098,1.02109,1.50,1.10
2014.05.08 06:04:26.833,1.02098,1.02113,1.50,1.28
2014.05.08 06:04:26.925,1.02104,1.02113,1.50,1.20
2014.05.08 06:04:27.429,1.02105,1.02113,1.00,1.00
2014.05.08 06:04:28.232,1.02104,1.02113,1.50,1.00
2014.05.08 06:04:28.701,1.02098,1.02113,1.65,1.00
2014.05.08 06:04:28.903,1.02104,1.02113,1.50,1.00
2014.05.08 06:04:29.258,1.02098,1.02113,1.65,1.00
2014.05.08 06:04:29.459,1.0211,1.02123,1.50,1.53
2014.05.08 06:04:29.521,1.0211,1.02118,1.50,1.00
2014.05.08 06:04:29.623,1.0211,1.02114,1.50,1.00
2014.05.08 06:04:29.674,1.02105,1.02114,1.65,1.00
2014.05.08 06:04:29.725,1.02105,1.02118,1.65,1.00
2014.05.08 06:04:30.279,1.02105,1.02118,1.58,1.00
2014.05.08 06:04:30.438,1.02109,1.02118,1.50,1.00
2014.05.08 06:04:30.869,1.02107,1.02118,1.50,1.00
2014.05.08 06:04:33.629,1.02103,1.02118,1.65,1.00
2014.05.08 06:04:34.247,1.02103,1.02118,1.65,1.00
2014.05.08 06:04:34.348,1.02103,1.02114,1.65,1.00
2014.05.08 06:04:34.500,1.02096,1.02114,1.65,1.00
2014.05.08 06:04:34.651,1.02102,1.02114,1.50,1.00
2014.05.08 06:04:34.903,1.02102,1.02119,1.58,1.00
2014.05.08 06:04:34.954,1.02105,1.02119,1.50,1.00
2014.05.08 06:04:41.879,1.02107,1.02119,1.50,1.00
2014.05.08 06:04:42.200,1.02105,1.02119,1.50,1.00
2014.05.08 06:04:42.588,1.02105,1.02119,1.50,1.15
2014.05.08 06:04:43.325,1.02105,1.02119,1.50,1.18
2014.05.08 06:04:46.609,1.02098,1.02119,1.58,3.45
2014.05.08 06:04:46.710,1.02098,1.02113,1.50,1.08
2014.05.08 06:04:47.012,1.02107,1.02118,1.50,1.15
2014.05.08 06:04:47.063,1.02107,1.02118,1.50,1.00
2014.05.08 06:04:47.235,1.02109,1.02118,1.50,1.00
2014.05.08 06:04:47.657,1.02107,1.02118,1.50,1.00
2014.05.08 06:04:48.640,1.021,1.02118,3.08,1.00
2014.05.08 06:04:48.690,1.021,1.02118,1.08,1.08
2014.05.08 06:04:48.741,1.021,1.02118,1.00,1.53
2014.05.08 06:04:48.792,1.02101,1.02117,1.50,2.70
2014.05.08 06:04:48.893,1.02099,1.02114,1.50,1.15
2014.05.08 06:04:49.527,1.02099,1.02114,1.50,1.53
2014.05.08 06:04:52.530,1.02099,1.02118,1.50,1.53
2014.05.08 06:04:52.918,1.02101,1.02118,1.50,1.53
2014.05.08 06:04:53.938,1.02104,1.02118,1.50,1.15
2014.05.08 06:04:53.989,1.02104,1.02118,1.50,1.08
2014.05.08 06:04:54.550,1.02104,1.02118,1.50,1.00
2014.05.08 06:04:56.670,1.02109,1.02118,1.50,1.00
2014.05.08 06:04:56.972,1.02115,1.02123,1.50,1.00
2014.05.08 06:04:57.275,1.02116,1.02123,1.08,1.00
2014.05.08 06:04:57.858,1.02116,1.02129,1.18,1.00
2014.05.08 06:04:58.358,1.02115,1.02129,1.58,1.00
2014.05.08 06:04:59.110,1.02115,1.02129,1.50,3.00
2014.05.08 06:04:59.211,1.0211,1.02129,1.50,3.08
2014.05.08 06:04:59.420,1.0212,1.02128,1.50,1.15
2014.05.08 06:04:59.521,1.02121,1.02128,1.50,1.00
2014.05.08 06:04:59.630,1.02115,1.02128,1.58,1.00
2014.05.08 06:05:00.189,1.02118,1.02128,1.50,1.00
2014.05.08 06:05:00.509,1.0212,1.02128,1.50,1.00
2014.05.08 06:05:00.608,1.0212,1.02134,1.50,1.28
2014.05.08 06:05:01.191,1.02121,1.02134,1.00,1.28
2014.05.08 06:05:01.677,1.02121,1.02134,1.00,1.28
2014.05.08 06:05:01.969,1.02118,1.02134,1.50,1.28
2014.05.08 06:05:03.936,1.0212,1.02134,1.50,1.28
2014.05.08 06:05:06.017,1.0212,1.02134,1.50,1.28
2014.05.08 06:05:06.645,1.02119,1.02134,1.50,1.28
2014.05.08 06:05:06.951,1.02116,1.02128,1.58,1.00
2014.05.08 06:05:07.447,1.02116,1.02128,1.50,1.08
2014.05.08 06:05:07.599,1.02116,1.02128,1.50,1.10
2014.05.08 06:05:09.178,1.0211,1.02128,1.50,1.15
2014.05.08 06:05:09.884,1.0211,1.02123,1.50,1.00
2014.05.08 06:05:11.288,1.0211,1.02129,1.50,1.28
2014.05.08 06:05:12.111,1.02116,1.02129,1.50,1.28
2014.05.08 06:05:12.263,1.02116,1.02129,1.50,1.10
2014.05.08 06:05:14.120,1.02116,1.02129,1.50,1.48
2014.05.08 06:05:14.171,1.02116,1.02123,1.50,1.00
2014.05.08 06:05:14.222,1.02111,1.02123,1.50,1.00
2014.05.08 06:05:14.384,1.02111,1.02128,1.50,1.28
2014.05.08 06:05:15.406,1.02116,1.02128,1.50,1.28
2014.05.08 06:05:15.507,1.02116,1.02128,1.50,1.08
2014.05.08 06:05:17.628,1.0211,1.02128,1.65,1.08
2014.05.08 06:05:17.679,1.0211,1.02123,1.65,1.00
2014.05.08 06:05:17.730,1.0211,1.02123,1.50,1.00
2014.05.08 06:05:20.311,1.0211,1.02118,1.50,1.00
2014.05.08 06:05:20.362,1.02104,1.02118,1.65,1.00
2014.05.08 06:05:20.413,1.02104,1.02118,1.58,1.00
2014.05.08 06:05:20.943,1.02104,1.02118,1.50,1.08
2014.05.08 06:05:21.523,1.02104,1.02118,1.50,1.08
2014.05.08 06:05:21.623,1.02104,1.02118,1.50,3.45
2014.05.08 06:05:21.778,1.02104,1.02118,1.50,1.15
2014.05.08 06:05:22.131,1.02104,1.02118,1.50,1.08
2014.05.08 06:05:22.232,1.02104,1.02118,1.50,1.15
2014.05.08 06:05:22.333,1.02104,1.02118,1.50,1.10
2014.05.08 06:05:23.922,1.02104,1.02118,1.50,1.18
2014.05.08 06:05:25.458,1.02104,1.02118,1.50,1.28
2014.05.08 06:05:25.870,1.02104,1.02118,1.50,3.45
2014.05.08 06:05:25.941,1.02104,1.02118,1.50,1.28
2014.05.08 06:05:26.275,1.02104,1.02118,1.50,1.15
2014.05.08 06:05:26.444,1.02095,1.02118,1.65,1.28
2014.05.08 06:05:26.495,1.02095,1.02118,1.65,4.20
2014.05.08 06:05:26.998,1.02093,1.02113,2.03,1.08
2014.05.08 06:05:27.049,1.02093,1.02113,2.03,1.15
2014.05.08 06:05:27.301,1.02089,1.02113,2.03,1.28
2014.05.08 06:05:29.051,1.02092,1.02113,2.78,1.18
2014.05.08 06:05:29.151,1.02096,1.02118,1.58,4.50
2014.05.08 06:05:29.202,1.02099,1.02118,1.50,2.33
2014.05.08 06:05:29.555,1.02099,1.02118,1.95,1.15
2014.05.08 06:05:29.656,1.02102,1.02118,1.50,1.15
2014.05.08 06:05:29.857,1.02098,1.02118,2.03,1.15
2014.05.08 06:05:30.123,1.02098,1.02114,1.50,1.08
2014.05.08 06:05:30.720,1.02096,1.02114,1.65,1.10
2014.05.08 06:05:31.518,1.02096,1.02114,1.65,1.48
2014.05.08 06:05:31.569,1.02096,1.02114,1.58,1.55
2014.05.08 06:05:31.628,1.02096,1.02108,1.58,1.00
2014.05.08 06:05:32.425,1.02096,1.02113,1.50,1.28
2014.05.08 06:05:32.627,1.02091,1.02108,1.50,1.15
2014.05.08 06:05:32.779,1.02091,1.02108,1.50,3.08
2014.05.08 06:05:33.081,1.02096,1.02108,1.50,1.18
2014.05.08 06:05:34.358,1.02093,1.02108,1.50,1.18
2014.05.08 06:05:34.700,1.02087,1.02109,2.03,1.15
2014.05.08 06:05:35.396,1.02086,1.02104,2.33,1.00
2014.05.08 06:05:35.946,1.02086,1.02104,1.65,1.18
2014.05.08 06:05:36.266,1.02088,1.02104,1.65,1.00
2014.05.08 06:05:36.519,1.02085,1.02104,1.65,1.00
2014.05.08 06:05:37.584,1.02085,1.02104,1.58,1.18
2014.05.08 06:05:38.756,1.02083,1.02104,1.50,1.53
2014.05.08 06:05:39.244,1.02085,1.02104,1.50,1.53
2014.05.08 06:05:39.917,1.02085,1.02104,1.50,1.28
2014.05.08 06:05:40.219,1.02082,1.02098,1.58,1.08
2014.05.08 06:05:40.521,1.02086,1.021,1.50,4.50
2014.05.08 06:05:40.622,1.02086,1.02104,1.50,1.15
2014.05.08 06:05:42.149,1.02088,1.02104,1.58,1.08
2014.05.08 06:05:42.780,1.02085,1.02104,2.03,1.08
2014.05.08 06:05:43.082,1.02097,1.02108,1.50,1.15
2014.05.08 06:05:43.183,1.02097,1.02108,1.50,1.10
2014.05.08 06:05:44.615,1.02097,1.02108,1.65,1.00
2014.05.08 06:05:44.766,1.02097,1.02108,1.65,1.00
2014.05.08 06:05:48.358,1.02097,1.02114,1.65,1.00
2014.05.08 06:05:48.459,1.02098,1.02114,1.58,1.00
2014.05.08 06:05:48.762,1.02096,1.02109,1.65,1.00
2014.05.08 06:05:49.359,1.02096,1.02113,1.65,1.00
2014.05.08 06:05:49.909,1.02098,1.02108,1.65,1.00
2014.05.08 06:05:50.010,1.02093,1.02108,1.65,1.00
2014.05.08 06:05:50.111,1.02094,1.02113,1.18,1.18
2014.05.08 06:05:50.162,1.02099,1.02113,1.50,1.18
2014.05.08 06:05:50.262,1.02099,1.02113,1.58,1.00
2014.05.08 06:05:51.751,1.02099,1.02113,1.65,1.00
2014.05.08 06:05:52.479,1.02097,1.02113,2.03,1.00
2014.05.08 06:05:54.197,1.02094,1.02113,1.95,1.00
2014.05.08 06:05:54.418,1.02094,1.02113,1.58,1.00
2014.05.08 06:05:55.077,1.02098,1.02113,2.03,1.00
2014.05.08 06:06:02.654,1.02094,1.02113,1.60,1.00
2014.05.08 06:06:09.098,1.02095,1.02113,2.70,1.00
2014.05.08 06:06:09.762,1.02099,1.02114,1.95,1.00
2014.05.08 06:06:11.482,1.02096,1.02114,1.65,1.08
2014.05.08 06:06:11.533,1.02096,1.02114,1.58,1.18
2014.05.08 06:06:12.053,1.02091,1.02113,2.70,2.33
2014.05.08 06:06:13.473,1.02088,1.02109,2.55,1.18
2014.05.08 06:06:14.937,1.02093,1.02109,1.50,1.18
2014.05.08 06:06:15.159,1.02089,1.02109,2.03,1.18
2014.05.08 06:06:21.604,1.02092,1.02113,2.40,1.28
2014.05.08 06:06:21.758,1.02092,1.02113,2.40,1.28
2014.05.08 06:06:22.462,1.02095,1.02113,1.50,1.18
2014.05.08 06:06:27.598,1.02097,1.02113,1.50,1.18
2014.05.08 06:06:28.257,1.02096,1.02113,1.50,1.18
2014.05.08 06:06:31.447,1.02094,1.02113,1.58,1.28
2014.05.08 06:06:31.498,1.02094,1.02113,1.58,1.28
2014.05.08 06:06:34.653,1.02091,1.02113,1.95,2.70
2014.05.08 06:06:34.754,1.02091,1.02111,1.10,2.33
2014.05.08 06:06:35.006,1.02091,1.02108,1.65,1.00
2014.05.08 06:06:40.838,1.02091,1.02108,1.50,1.18
2014.05.08 06:06:40.939,1.02088,1.02108,2.03,1.18
2014.05.08 06:06:41.167,1.02092,1.02108,1.50,1.18
2014.05.08 06:06:44.465,1.02088,1.02108,2.48,1.18
2014.05.08 06:06:45.017,1.02088,1.02108,1.65,1.18
2014.05.08 06:06:46.513,1.02088,1.02108,1.65,1.18
2014.05.08 06:06:48.653,1.02088,1.02104,1.65,1.00
2014.05.08 06:06:49.056,1.02088,1.02104,1.65,1.00
2014.05.08 06:06:51.067,1.02088,1.02109,1.65,1.18
2014.05.08 06:06:51.267,1.02088,1.02109,4.20,1.08
2014.05.08 06:06:51.317,1.02088,1.02109,6.38,1.00
2014.05.08 06:07:01.270,1.02089,1.02109,2.70,1.00
2014.05.08 06:07:01.371,1.02092,1.02113,1.53,1.15
2014.05.08 06:07:03.243,1.02094,1.02113,1.58,1.15
2014.05.08 06:07:04.161,1.02094,1.02113,1.50,1.15
2014.05.08 06:07:04.698,1.02089,1.02108,1.10,1.15
2014.05.08 06:07:05.059,1.02088,1.02108,2.03,1.10
2014.05.08 06:07:16.027,1.02092,1.02113,1.00,3.45
2014.05.08 06:07:16.973,1.02092,1.02112,1.08,2.03
2014.05.08 06:07:17.125,1.02092,1.02113,1.28,1.15
2014.05.08 06:07:17.453,1.02092,1.02113,5.63,1.00
2014.05.08 06:07:18.024,1.02097,1.02118,1.20,2.78
2014.05.08 06:07:22.708,1.02097,1.02118,1.28,2.40
2014.05.08 06:07:22.759,1.02097,1.02118,1.28,2.40
2014.05.08 06:07:23.106,1.02095,1.02113,3.08,1.50
2014.05.08 06:07:23.428,1.02093,1.02113,3.45,1.50
2014.05.08 06:07:24.228,1.02093,1.02114,2.70,1.10
2014.05.08 06:07:25.058,1.02094,1.02114,2.33,1.00
2014.05.08 06:07:28.357,1.02097,1.02118,1.53,1.15
2014.05.08 06:07:28.408,1.02098,1.02118,2.70,1.18
2014.05.08 06:07:28.778,1.02097,1.02118,1.53,1.18
2014.05.08 06:07:30.169,1.02097,1.02118,5.63,1.00
2014.05.08 06:07:30.471,1.02097,1.02118,1.53,1.15
2014.05.08 06:07:32.856,1.02095,1.02114,5.63,1.00
2014.05.08 06:07:33.417,1.02097,1.02119,4.88,2.40
2014.05.08 06:07:39.679,1.021,1.02119,1.65,1.18
2014.05.08 06:07:40.127,1.021,1.02119,1.58,1.15
2014.05.08 06:07:40.178,1.02098,1.02119,1.58,3.08
2014.05.08 06:07:40.707,1.02098,1.02113,1.50,1.10
2014.05.08 06:07:41.635,1.02097,1.02118,1.50,3.08
2014.05.08 06:07:42.377,1.02096,1.02118,1.00,2.70
2014.05.08 06:07:44.836,1.02094,1.02113,2.03,1.10
2014.05.08 06:07:45.347,1.02092,1.02113,3.53,1.15
2014.05.08 06:07:52.855,1.02093,1.02113,2.03,1.15
2014.05.08 06:07:53.187,1.02097,1.02118,1.08,3.08
2014.05.08 06:07:53.388,1.02099,1.02118,2.03,1.08
2014.05.08 06:07:53.540,1.02102,1.02123,1.08,1.15
2014.05.08 06:07:56.715,1.02102,1.02118,1.38,1.00
2014.05.08 06:07:58.827,1.02102,1.02124,1.38,3.08
2014.05.08 06:07:59.188,1.02103,1.02124,2.03,1.15
2014.05.08 06:07:59.685,1.02106,1.02124,1.48,1.18
2014.05.08 06:07:59.997,1.02109,1.02124,1.50,1.18
2014.05.08 06:08:00.098,1.02109,1.02129,1.50,5.25
2014.05.08 06:08:00.149,1.02108,1.02129,1.88,5.25
2014.05.08 06:08:00.300,1.02108,1.02129,2.03,1.15
2014.05.08 06:08:00.570,1.02108,1.02124,2.78,1.00
2014.05.08 06:08:00.744,1.02106,1.02124,2.40,1.00
2014.05.08 06:08:01.061,1.02104,1.02124,1.55,1.15
2014.05.08 06:08:03.117,1.02109,1.02127,1.50,2.33
2014.05.08 06:08:03.177,1.02109,1.02128,1.50,1.15
2014.05.08 06:08:03.426,1.02107,1.02128,1.00,1.15
2014.05.08 06:08:03.586,1.02109,1.02124,1.50,1.20
2014.05.08 06:08:03.687,1.02107,1.02124,1.50,1.20
2014.05.08 06:08:05.331,1.02107,1.02124,1.58,1.10
2014.05.08 06:08:05.483,1.02107,1.02124,1.95,1.10
2014.05.08 06:08:05.595,1.02107,1.02124,2.03,1.00
2014.05.08 06:08:06.292,1.02111,1.02128,1.50,1.15
2014.05.08 06:08:07.041,1.02111,1.02128,1.58,1.08
2014.05.08 06:08:07.092,1.02113,1.02128,1.15,1.00
2014.05.08 06:08:07.243,1.02111,1.02128,1.65,1.00
2014.05.08 06:08:07.294,1.02111,1.02129,1.58,1.18
2014.05.08 06:08:07.344,1.02111,1.02129,1.50,1.15
2014.05.08 06:08:07.445,1.02111,1.02129,1.65,1.15
2014.05.08 06:08:07.851,1.02111,1.0213,2.25,2.33
2014.05.08 06:08:08.397,1.02115,1.02129,1.50,1.15
2014.05.08 06:08:08.649,1.02108,1.02124,1.35,1.00
2014.05.08 06:08:08.750,1.02108,1.02124,1.80,1.08
2014.05.08 06:08:09.204,1.02103,1.02124,1.53,1.18
2014.05.08 06:08:09.470,1.02103,1.02124,1.15,1.15
2014.05.08 06:08:12.705,1.02102,1.02124,1.88,3.08
2014.05.08 06:08:14.090,1.02102,1.02118,2.63,2.25
2014.05.08 06:08:14.300,1.02102,1.02119,1.50,1.18
2014.05.08 06:08:15.026,1.02099,1.02119,1.65,1.18
2014.05.08 06:08:15.479,1.02103,1.02119,1.50,1.18
2014.05.08 06:08:15.529,1.02103,1.02119,1.50,1.10
2014.05.08 06:08:20.517,1.02103,1.02123,1.58,1.15
2014.05.08 06:08:20.718,1.02103,1.02123,2.03,1.08
2014.05.08 06:08:21.342,1.02103,1.02123,2.03,1.00
2014.05.08 06:08:23.246,1.02103,1.02123,1.65,1.20
2014.05.08 06:08:23.772,1.02104,1.02123,1.65,1.15
2014.05.08 06:08:28.569,1.02104,1.02123,1.65,1.00
2014.05.08 06:08:32.185,1.02108,1.02123,1.58,1.08
2014.05.08 06:08:32.236,1.02104,1.02123,2.03,1.18
2014.05.08 06:08:32.286,1.02104,1.02123,2.03,1.10
2014.05.08 06:08:35.176,1.02102,1.02124,2.70,1.10
2014.05.08 06:08:35.970,1.02101,1.02124,2.70,1.08
2014.05.08 06:08:37.055,1.021,1.02124,6.38,1.15
2014.05.08 06:08:37.368,1.02098,1.02113,2.63,1.00
2014.05.08 06:08:37.418,1.02094,1.02113,2.33,1.00
2014.05.08 06:08:37.570,1.02094,1.02108,4.50,1.00
2014.05.08 06:08:37.620,1.02093,1.02108,1.00,1.00
2014.05.08 06:08:37.728,1.02091,1.02108,1.58,1.18
2014.05.08 06:08:38.032,1.02091,1.02112,1.58,1.15
2014.05.08 06:08:38.083,1.02091,1.02112,1.58,3.08
2014.05.08 06:08:41.201,1.02087,1.02108,1.50,5.25
2014.05.08 06:08:41.503,1.02085,1.02109,4.20,1.53
2014.05.08 06:08:41.956,1.02085,1.02108,2.03,2.70
2014.05.08 06:08:43.027,1.02085,1.02107,1.95,2.70
2014.05.08 06:08:44.468,1.02085,1.02108,1.65,2.70
2014.05.08 06:08:45.081,1.02088,1.02103,1.50,1.08
2014.05.08 06:08:45.643,1.02087,1.02107,1.58,2.33
2014.05.08 06:08:46.043,1.02087,1.02109,2.03,1.15
2014.05.08 06:08:47.554,1.02087,1.02104,2.03,1.00
2014.05.08 06:08:49.967,1.02084,1.02104,2.33,1.08
2014.05.08 06:08:50.019,1.02083,1.02104,1.20,1.15
2014.05.08 06:08:50.585,1.02083,1.02104,1.20,1.15
2014.05.08 06:08:50.636,1.02083,1.02104,4.88,1.08
2014.05.08 06:08:51.305,1.02083,1.02104,7.05,1.00
2014.05.08 06:08:53.882,1.02083,1.02098,5.18,1.00
2014.05.08 06:08:53.984,1.02081,1.02098,3.53,1.00
2014.05.08 06:08:54.086,1.02081,1.02101,3.83,1.50
2014.05.08 06:08:54.137,1.02081,1.02104,3.83,1.18
2014.05.08 06:08:57.042,1.02083,1.02104,1.65,2.40
2014.05.08 06:08:58.044,1.02082,1.02104,2.40,2.40
2014.05.08 06:08:58.773,1.02081,1.02104,1.73,2.40
2014.05.08 06:08:59.075,1.02078,1.02097,1.15,1.58
2014.05.08 06:08:59.774,1.02078,1.02098,3.08,1.00
2014.05.08 06:08:59.975,1.02082,1.02103,1.53,1.15
2014.05.08 06:09:01.856,1.02081,1.02099,1.53,1.00
2014.05.08 06:09:02.108,1.02077,1.02099,1.95,1.20
2014.05.08 06:09:04.096,1.02079,1.02099,2.70,1.10
2014.05.08 06:09:04.247,1.02077,1.02099,4.13,1.10
2014.05.08 06:09:04.762,1.02076,1.02099,3.53,1.18
2014.05.08 06:09:04.913,1.02076,1.02099,1.73,1.15
2014.05.08 06:09:05.066,1.02076,1.02099,5.70,1.15
2014.05.08 06:09:05.883,1.02077,1.02099,3.45,1.08
2014.05.08 06:09:06.370,1.02081,1.02099,2.70,1.00
2014.05.08 06:09:06.473,1.02078,1.02099,3.75,1.00
2014.05.08 06:09:06.574,1.02081,1.02099,2.70,1.00
2014.05.08 06:09:07.292,1.02082,1.02103,1.53,2.25
2014.05.08 06:09:07.526,1.02084,1.02103,2.70,2.25
2014.05.08 06:09:08.007,1.02088,1.02103,1.53,1.00
2014.05.08 06:09:08.162,1.02089,1.02108,2.70,1.50
2014.05.08 06:09:08.468,1.02092,1.02109,2.70,1.00
2014.05.08 06:09:08.619,1.02092,1.02114,4.88,2.25
2014.05.08 06:09:08.720,1.02095,1.02114,2.70,2.25
2014.05.08 06:09:15.666,1.02096,1.02109,1.53,1.00
2014.05.08 06:09:16.054,1.02095,1.02114,2.70,1.00
2014.05.08 06:09:16.480,1.02093,1.02114,3.45,1.00
2014.05.08 06:09:16.581,1.02092,1.02114,4.20,1.08
2014.05.08 06:09:16.884,1.02089,1.02108,2.70,1.10
2014.05.08 06:09:16.935,1.02088,1.02108,2.63,1.10
2014.05.08 06:09:17.086,1.02088,1.02104,2.63,1.00
2014.05.08 06:09:17.427,1.02089,1.02104,2.70,1.00
2014.05.08 06:09:17.815,1.02088,1.02108,3.45,1.00
2014.05.08 06:09:18.076,1.02092,1.02108,2.03,1.00
2014.05.08 06:09:19.220,1.02094,1.02108,2.70,1.00
2014.05.08 06:09:19.746,1.02095,1.02108,4.88,1.00
2014.05.08 06:09:23.687,1.02096,1.02114,1.65,1.00
2014.05.08 06:09:24.197,1.02096,1.02114,3.83,1.00
2014.05.08 06:09:24.758,1.02097,1.02114,2.33,1.00
2014.05.08 06:09:25.621,1.02096,1.02114,6.00,1.00
2014.05.08 06:09:26.132,1.02096,1.02114,1.65,1.00
2014.05.08 06:09:26.183,1.02092,1.02114,4.50,1.28
2014.05.08 06:09:26.284,1.02091,1.02114,2.40,3.45
2014.05.08 06:09:26.616,1.02087,1.02108,4.20,1.18
2014.05.08 06:09:27.691,1.02089,1.02108,2.33,1.10
2014.05.08 06:09:32.510,1.02091,1.02108,4.50,1.00
2014.05.08 06:09:32.813,1.02103,1.02118,4.88,1.00
2014.05.08 06:09:32.914,1.02103,1.02123,4.88,1.00
2014.05.08 06:09:33.166,1.02103,1.02119,4.88,1.00
2014.05.08 06:09:34.372,1.02103,1.02124,4.88,1.00
2014.05.08 06:09:39.914,1.02104,1.02124,4.20,1.00
2014.05.08 06:09:40.019,1.02106,1.02129,3.08,1.55
2014.05.08 06:09:40.536,1.02111,1.02134,1.20,7.35
2014.05.08 06:09:40.587,1.02111,1.02134,1.55,4.80
2014.05.08 06:09:40.738,1.02113,1.02134,5.63,2.25
2014.05.08 06:09:40.789,1.02116,1.02134,2.33,2.25
2014.05.08 06:09:40.940,1.02113,1.02134,5.63,2.25
2014.05.08 06:09:41.404,1.02116,1.02139,1.15,2.40
2014.05.08 06:09:41.644,1.02116,1.02139,1.53,1.28
2014.05.08 06:09:41.980,1.02122,1.02142,1.00,1.58
2014.05.08 06:09:42.299,1.02122,1.02142,1.18,1.58
2014.05.08 06:09:45.436,1.02119,1.02139,2.33,1.28
2014.05.08 06:09:45.486,1.02117,1.02139,2.70,1.28
2014.05.08 06:09:45.856,1.0212,1.02136,1.13,1.50
2014.05.08 06:09:45.957,1.02126,1.02146,1.88,2.40
2014.05.08 06:09:46.008,1.02126,1.02146,4.13,2.25
2014.05.08 06:09:46.058,1.02128,1.02149,2.33,1.80
2014.05.08 06:09:46.109,1.02128,1.02144,2.33,1.00
2014.05.08 06:09:46.544,1.02128,1.02149,2.70,1.08
2014.05.08 06:09:46.885,1.02128,1.02143,2.70,1.00
2014.05.08 06:09:47.036,1.02125,1.02143,2.70,1.00
2014.05.08 06:09:47.238,1.02122,1.02142,2.03,1.58
2014.05.08 06:09:47.357,1.02123,1.02142,2.70,1.50
2014.05.08 06:09:48.128,1.02123,1.02139,2.33,1.00
2014.05.08 06:09:48.229,1.02122,1.02143,1.15,1.15
2014.05.08 06:09:48.709,1.02121,1.02138,2.33,1.50
2014.05.08 06:09:48.760,1.02118,1.02138,4.50,1.50
2014.05.08 06:09:48.961,1.02121,1.02139,1.15,1.50
2014.05.08 06:09:49.176,1.02126,1.02146,1.10,3.08
2014.05.08 06:09:49.227,1.02126,1.02148,1.53,2.33
2014.05.08 06:09:49.531,1.02132,1.02153,1.15,1.15
2014.05.08 06:09:49.997,1.02129,1.02149,1.53,1.08
2014.05.08 06:09:50.425,1.02129,1.02149,3.53,1.10
2014.05.08 06:09:51.595,1.02129,1.02149,2.85,1.08
2014.05.08 06:09:51.696,1.02127,1.02147,1.13,1.65
2014.05.08 06:09:54.875,1.02127,1.02149,2.70,1.08
2014.05.08 06:09:54.976,1.02132,1.02153,1.10,1.15
2014.05.08 06:09:55.128,1.02127,1.02148,3.68,1.00
2014.05.08 06:09:55.229,1.02127,1.02148,1.53,1.15
2014.05.08 06:09:55.531,1.02127,1.02148,3.45,1.10
2014.05.08 06:09:59.267,1.02133,1.02151,1.48,1.58
2014.05.08 06:09:59.317,1.02133,1.02151,1.55,1.50
2014.05.08 06:09:59.419,1.02137,1.02157,1.10,2.33
2014.05.08 06:09:59.519,1.02137,1.02158,1.18,1.28
2014.05.08 06:09:59.624,1.02134,1.02153,2.03,1.00
2014.05.08 06:09:59.938,1.02135,1.02153,2.33,1.00
2014.05.08 06:10:00.095,1.02132,1.02153,4.20,1.00
2014.05.08 06:10:00.197,1.02132,1.02153,1.53,1.18
2014.05.08 06:10:00.297,1.02132,1.02153,3.45,1.10
2014.05.08 06:10:00.398,1.02132,1.02153,1.53,1.18
2014.05.08 06:10:00.650,1.02129,1.02154,1.53,5.18
2014.05.08 06:10:01.502,1.02126,1.02149,3.45,1.15
2014.05.08 06:10:02.034,1.02132,1.02151,1.00,2.70
2014.05.08 06:10:02.186,1.02132,1.02153,1.53,1.00
2014.05.08 06:10:02.237,1.02134,1.02153,2.70,1.00
2014.05.08 06:10:02.575,1.02136,1.02153,2.33,1.00
2014.05.08 06:10:02.625,1.02136,1.02157,3.08,1.58
2014.05.08 06:10:03.125,1.02139,1.02159,3.83,1.08
2014.05.08 06:10:03.226,1.02142,1.02163,1.15,1.53
2014.05.08 06:10:03.378,1.02139,1.02158,4.20,1.00
2014.05.08 06:10:03.605,1.02142,1.02163,1.15,2.78
2014.05.08 06:10:03.806,1.02139,1.02158,3.45,1.00
2014.05.08 06:10:04.059,1.02137,1.02158,1.20,1.53
2014.05.08 06:10:04.261,1.02134,1.02153,1.18,1.08
2014.05.08 06:10:04.430,1.02137,1.02158,1.20,1.15
2014.05.08 06:10:04.481,1.02137,1.02158,1.15,1.13
2014.05.08 06:10:04.794,1.02133,1.02154,2.03,1.18
2014.05.08 06:10:05.104,1.02131,1.02154,1.28,3.08
2014.05.08 06:10:05.155,1.02131,1.02154,1.28,3.08
2014.05.08 06:10:05.599,1.02142,1.02154,1.00,2.33
2014.05.08 06:10:05.700,1.02142,1.02156,1.00,2.33
2014.05.08 06:10:05.801,1.02142,1.02162,1.15,1.05
2014.05.08 06:10:05.902,1.02138,1.02154,4.88,1.00
2014.05.08 06:10:06.003,1.02134,1.02154,1.53,1.10
2014.05.08 06:10:06.104,1.02138,1.02154,2.33,1.00
2014.05.08 06:10:06.154,1.02142,1.02159,1.08,1.58
2014.05.08 06:10:06.205,1.02142,1.02163,1.08,1.88
2014.05.08 06:10:06.457,1.02137,1.02158,3.45,1.10
2014.05.08 06:10:06.558,1.02137,1.02158,1.53,1.18
2014.05.08 06:10:06.659,1.02139,1.02158,2.03,1.00
2014.05.08 06:10:06.961,1.0214,1.02154,2.33,1.00
2014.05.08 06:10:07.012,1.02137,1.02154,2.33,1.00
2014.05.08 06:10:07.134,1.02135,1.02154,5.63,1.00
2014.05.08 06:10:07.242,1.02135,1.02154,1.28,1.00
2014.05.08 06:10:07.561,1.02139,1.02159,2.70,1.10
2014.05.08 06:10:07.879,1.02137,1.02159,1.53,1.20
2014.05.08 06:10:07.980,1.02139,1.02159,2.70,1.10
2014.05.08 06:10:08.417,1.02142,1.02159,2.70,1.00
2014.05.08 06:10:08.468,1.02142,1.02164,2.70,1.28
2014.05.08 06:10:09.085,1.02142,1.02159,2.70,1.00
2014.05.08 06:10:09.321,1.02142,1.02164,2.70,1.28
2014.05.08 06:10:10.050,1.02145,1.02164,2.70,1.08
2014.05.08 06:10:10.151,1.02148,1.02169,1.65,1.18
2014.05.08 06:10:10.302,1.02148,1.02163,4.20,1.00
2014.05.08 06:10:10.453,1.02146,1.02163,3.45,1.00
2014.05.08 06:10:10.554,1.02145,1.02163,2.03,1.00
2014.05.08 06:10:11.113,1.02145,1.02163,1.65,1.10
2014.05.08 06:10:11.466,1.02149,1.02164,2.03,1.00
2014.05.08 06:10:11.977,1.02148,1.02164,2.25,1.08
2014.05.08 06:10:12.028,1.02144,1.02164,1.65,1.15
2014.05.08 06:10:12.179,1.02148,1.02164,1.50,1.15
2014.05.08 06:10:12.230,1.02148,1.02164,1.58,1.10
2014.05.08 06:10:12.779,1.02145,1.02164,1.65,1.15
2014.05.08 06:10:13.181,1.02143,1.02164,2.03,1.15
2014.05.08 06:10:14.819,1.02143,1.02158,1.65,1.00
2014.05.08 06:10:15.023,1.02143,1.02163,1.65,1.10
2014.05.08 06:10:15.385,1.02142,1.02153,3.08,1.00
2014.05.08 06:10:15.450,1.02142,1.02153,1.18,1.00
2014.05.08 06:10:15.753,1.02137,1.02153,2.33,1.00
2014.05.08 06:10:15.803,1.02137,1.02149,2.33,1.00
2014.05.08 06:10:15.981,1.02135,1.02149,2.70,1.00
2014.05.08 06:10:16.124,1.02135,1.02154,2.70,1.00
2014.05.08 06:10:19.095,1.02137,1.02158,1.15,1.28
2014.05.08 06:10:21.074,1.02136,1.02154,2.03,1.00
2014.05.08 06:10:21.549,1.02136,1.02154,1.65,1.10
2014.05.08 06:10:21.650,1.02136,1.02149,1.65,1.00
2014.05.08 06:10:21.851,1.02133,1.02154,1.28,1.20
2014.05.08 06:10:23.742,1.02132,1.02154,2.40,1.58
2014.05.08 06:10:24.045,1.02131,1.02149,4.50,1.00
2014.05.08 06:10:24.303,1.02129,1.02149,2.33,1.00
2014.05.08 06:10:24.404,1.02132,1.02153,1.00,1.53
2014.05.08 06:10:24.523,1.02132,1.02153,1.15,1.53
2014.05.08 06:10:24.724,1.02127,1.02149,6.15,1.20
2014.05.08 06:10:25.712,1.02127,1.02149,2.85,2.40
2014.05.08 06:10:26.256,1.02126,1.02149,4.13,2.40
2014.05.08 06:10:26.610,1.02126,1.02149,4.13,2.33
2014.05.08 06:10:28.145,1.02126,1.02144,2.33,1.00
2014.05.08 06:10:28.690,1.02125,1.02144,2.70,1.00
2014.05.08 06:10:29.097,1.02122,1.02144,2.03,1.18
2014.05.08 06:10:29.248,1.02126,1.02144,2.70,1.00
2014.05.08 06:10:29.426,1.02131,1.02151,2.70,2.33
2014.05.08 06:10:29.477,1.02131,1.02154,3.08,1.53
2014.05.08 06:10:30.003,1.02132,1.02154,1.45,1.58
2014.05.08 06:10:31.664,1.02133,1.02149,2.10,1.00
2014.05.08 06:10:31.967,1.02128,1.02149,1.58,1.00
2014.05.08 06:10:32.068,1.02128,1.02149,1.58,1.08
2014.05.08 06:10:32.420,1.02126,1.02144,4.88,1.00
2014.05.08 06:10:32.925,1.02126,1.02149,1.28,1.53
2014.05.08 06:10:33.227,1.02127,1.02149,2.85,1.15
2014.05.08 06:10:33.760,1.02127,1.02149,4.05,1.00
2014.05.08 06:10:34.635,1.02127,1.02143,4.05,1.00
2014.05.08 06:10:34.736,1.02127,1.02143,1.75,1.00
2014.05.08 06:10:35.052,1.02124,1.02139,2.63,1.00
2014.05.08 06:10:35.153,1.02124,1.02139,2.48,1.10
2014.05.08 06:10:36.050,1.02123,1.02144,1.05,1.15
2014.05.08 06:10:37.604,1.02123,1.02139,1.05,1.00
2014.05.08 06:10:38.117,1.02122,1.02139,1.50,2.33
2014.05.08 06:10:41.125,1.02123,1.02138,1.45,1.00
2014.05.08 06:10:41.428,1.02119,1.02138,1.53,1.00
2014.05.08 06:10:44.103,1.02119,1.02138,1.55,1.08
2014.05.08 06:10:44.593,1.02119,1.02138,1.18,2.40
2014.05.08 06:10:45.929,1.02117,1.02138,1.18,2.78
2014.05.08 06:10:45.980,1.02117,1.02138,1.20,2.78
2014.05.08 06:10:46.683,1.02112,1.02134,1.53,1.18
2014.05.08 06:10:47.636,1.02112,1.02134,1.53,1.18
2014.05.08 06:10:48.166,1.02113,1.02134,2.03,1.10
2014.05.08 06:10:52.564,1.02116,1.02138,1.53,1.65
2014.05.08 06:10:55.837,1.02115,1.02133,1.53,1.10
2014.05.08 06:10:56.393,1.02114,1.02133,1.55,1.18
2014.05.08 06:10:58.394,1.02117,1.02136,2.25,2.33
2014.05.08 06:10:58.495,1.02117,1.02138,2.78,1.20
2014.05.08 06:10:58.546,1.0212,1.02138,2.03,1.10
2014.05.08 06:10:58.848,1.02117,1.02135,1.38,1.65
2014.05.08 06:10:59.159,1.02118,1.02138,1.45,1.15
2014.05.08 06:10:59.280,1.02118,1.02138,1.08,1.15
2014.05.08 06:11:00.668,1.02117,1.02138,1.00,3.45
2014.05.08 06:11:08.091,1.02117,1.02138,1.48,3.08
2014.05.08 06:11:08.680,1.02117,1.02138,1.10,3.45
2014.05.08 06:11:08.939,1.02117,1.02138,1.48,3.08
2014.05.08 06:11:09.547,1.02117,1.02138,2.70,1.15
2014.05.08 06:11:11.800,1.02117,1.02138,2.25,1.15
2014.05.08 06:11:12.203,1.02114,1.02134,1.28,1.18
2014.05.08 06:11:12.253,1.02114,1.02134,1.30,1.15
2014.05.08 06:11:12.354,1.02116,1.02137,1.00,4.88
2014.05.08 06:11:14.196,1.02116,1.02139,1.18,5.70
2014.05.08 06:11:18.014,1.02111,1.02134,3.75,4.50
2014.05.08 06:11:18.065,1.02111,1.02134,1.58,4.58
2014.05.08 06:11:18.116,1.02111,1.02132,1.58,2.33
2014.05.08 06:11:18.267,1.02111,1.02134,1.53,2.40
2014.05.08 06:11:19.026,1.02109,1.02129,2.03,2.25
2014.05.08 06:11:19.639,1.02112,1.02133,1.18,1.15
2014.05.08 06:11:20.183,1.02112,1.02133,1.10,3.08
2014.05.08 06:11:21.213,1.02109,1.02128,2.33,2.33
2014.05.08 06:11:21.809,1.0211,1.02128,1.58,2.25
2014.05.08 06:11:23.133,1.0211,1.02126,1.58,1.50
2014.05.08 06:11:30.561,1.02107,1.02126,1.98,1.65
2014.05.08 06:11:30.713,1.02107,1.02126,1.18,1.65
2014.05.08 06:11:31.015,1.02107,1.02122,1.00,1.65
2014.05.08 06:11:31.166,1.02102,1.02122,1.20,1.65
2014.05.08 06:11:31.364,1.02106,1.02122,1.00,1.65
2014.05.08 06:11:35.133,1.02099,1.02118,2.03,1.10
2014.05.08 06:11:35.184,1.02099,1.0211,1.15,1.50
2014.05.08 06:11:35.435,1.02098,1.02115,1.15,1.58
2014.05.08 06:11:37.600,1.02097,1.02115,4.80,1.50
2014.05.08 06:11:37.937,1.02102,1.0212,1.18,1.58
2014.05.08 06:11:38.142,1.02102,1.02115,1.18,1.50
2014.05.08 06:11:39.824,1.02102,1.02115,1.53,1.50
2014.05.08 06:11:40.381,1.02102,1.02115,3.90,1.50
2014.05.08 06:11:46.403,1.02107,1.02122,1.10,1.50
2014.05.08 06:11:46.613,1.02107,1.02115,1.10,1.50
2014.05.08 06:11:52.756,1.02101,1.02115,2.03,1.50
2014.05.08 06:11:53.443,1.021,1.02111,1.73,1.50
2014.05.08 06:11:53.674,1.02099,1.02113,5.10,1.50
2014.05.08 06:11:53.900,1.02102,1.02115,1.28,1.50
2014.05.08 06:11:59.265,1.02101,1.02115,3.45,1.50
2014.05.08 06:12:00.690,1.02102,1.02115,1.18,1.50
2014.05.08 06:12:16.431,1.02102,1.02115,2.33,1.50
2014.05.08 06:12:16.733,1.02102,1.02122,5.63,1.58
2014.05.08 06:12:17.249,1.02103,1.02122,2.70,1.50
2014.05.08 06:12:18.143,1.02103,1.02115,2.33,1.50
2014.05.08 06:12:18.313,1.02102,1.02115,1.28,1.50
2014.05.08 06:12:18.619,1.02102,1.02115,1.28,1.50
2014.05.08 06:12:28.972,1.02101,1.02115,1.18,1.50
2014.05.08 06:12:29.123,1.02096,1.02113,2.70,1.50
2014.05.08 06:12:29.447,1.02092,1.02113,2.70,1.50
2014.05.08 06:12:30.661,1.02097,1.02116,1.10,1.65
2014.05.08 06:12:30.902,1.02097,1.02113,1.10,1.50
2014.05.08 06:12:31.242,1.02097,1.0211,1.10,1.50
2014.05.08 06:12:32.221,1.02092,1.0211,1.58,1.65
2014.05.08 06:12:34.862,1.0209,1.02109,1.28,1.20
2014.05.08 06:12:34.913,1.0209,1.02106,1.28,1.50
2014.05.08 06:12:35.459,1.02086,1.02106,4.73,1.58
2014.05.08 06:12:38.622,1.02086,1.02101,4.95,1.50
2014.05.08 06:12:38.773,1.02086,1.02101,1.65,1.50
2014.05.08 06:12:39.714,1.02085,1.02101,1.28,1.50
2014.05.08 06:12:40.328,1.02086,1.02101,1.65,1.50
2014.05.08 06:12:43.351,1.02086,1.02106,1.58,1.65
2014.05.08 06:12:43.503,1.02086,1.02106,3.45,1.50
2014.05.08 06:12:44.671,1.02086,1.02107,2.78,1.58
2014.05.08 06:12:49.382,1.02091,1.02107,1.00,1.58
2014.05.08 06:12:49.625,1.02091,1.0211,1.15,1.58
2014.05.08 06:12:49.933,1.02091,1.02108,3.83,1.50
2014.05.08 06:12:50.185,1.02101,1.02121,1.00,3.00
2014.05.08 06:12:50.235,1.02101,1.02121,1.38,2.33
2014.05.08 06:12:50.286,1.02101,1.02123,1.53,1.65
2014.05.08 06:12:51.052,1.02103,1.02124,1.53,2.40
2014.05.08 06:12:51.102,1.02103,1.02117,1.53,1.50
2014.05.08 06:12:51.309,1.021,1.02117,1.20,1.50
2014.05.08 06:12:51.461,1.02102,1.02122,1.58,1.65
2014.05.08 06:12:51.991,1.02102,1.02122,1.53,1.65
2014.05.08 06:12:52.133,1.02099,1.02118,5.10,1.00
2014.05.08 06:12:52.646,1.02099,1.02117,1.53,1.50
2014.05.08 06:12:53.622,1.02099,1.02118,1.53,1.10
2014.05.08 06:12:58.050,1.02099,1.02118,1.53,1.10
2014.05.08 06:13:12.725,1.02097,1.02118,4.73,1.10
2014.05.08 06:13:12.925,1.02097,1.02115,4.73,1.50
2014.05.08 06:13:13.596,1.02097,1.02115,2.03,1.50
2014.05.08 06:13:20.346,1.02098,1.02115,1.08,1.65
2014.05.08 06:13:20.548,1.02091,1.02111,1.53,1.65
2014.05.08 06:13:32.911,1.02091,1.02111,1.45,1.65
2014.05.08 06:13:37.421,1.02092,1.02114,2.03,1.28
2014.05.08 06:13:40.341,1.02091,1.02114,2.78,1.28
2014.05.08 06:13:40.392,1.02097,1.02116,1.00,1.65
2014.05.08 06:13:40.727,1.02097,1.02116,1.53,1.58
2014.05.08 06:13:40.777,1.02097,1.02116,1.53,1.50
2014.05.08 06:13:40.878,1.02097,1.02116,1.53,1.50
2014.05.08 06:13:41.130,1.02101,1.02119,1.10,1.65
2014.05.08 06:13:44.511,1.02101,1.02119,1.18,1.58
2014.05.08 06:13:45.101,1.02106,1.02119,1.00,1.50
2014.05.08 06:13:45.152,1.02101,1.02119,1.15,1.50
2014.05.08 06:13:45.202,1.02101,1.02114,1.15,1.50
2014.05.08 06:13:46.961,1.02097,1.02112,1.53,1.50
2014.05.08 06:13:47.161,1.02097,1.02115,1.53,1.50
2014.05.08 06:13:56.654,1.02097,1.02115,3.45,1.50
2014.05.08 06:14:02.354,1.02101,1.02115,1.10,1.50
2014.05.08 06:14:04.621,1.02097,1.02112,1.53,1.50
2014.05.08 06:14:04.671,1.02097,1.02112,1.53,1.50
2014.05.08 06:14:04.969,1.02097,1.02116,1.28,1.65
2014.05.08 06:14:05.221,1.02097,1.02116,1.28,1.50
2014.05.08 06:14:07.769,1.02097,1.02116,3.45,1.50
2014.05.08 06:14:08.441,1.02101,1.02118,1.08,1.58
2014.05.08 06:14:10.251,1.02101,1.02119,1.00,1.65
2014.05.08 06:14:10.352,1.02097,1.02118,1.28,1.15
2014.05.08 06:14:10.453,1.02097,1.02116,1.10,1.58
2014.05.08 06:14:14.172,1.02097,1.02118,1.18,1.28
2014.05.08 06:14:14.536,1.02097,1.02118,1.28,1.15
2014.05.08 06:14:15.871,1.02095,1.02113,6.38,1.00
2014.05.08 06:14:16.022,1.02093,1.02113,2.70,1.10
2014.05.08 06:14:16.589,1.02092,1.02113,2.78,1.18
2014.05.08 06:14:17.100,1.02096,1.02115,1.08,1.65
2014.05.08 06:14:17.670,1.02096,1.02119,2.40,1.53
2014.05.08 06:14:18.060,1.02096,1.02118,1.15,2.70
2014.05.08 06:14:20.070,1.02102,1.02118,1.00,2.70
2014.05.08 06:14:20.820,1.02098,1.02118,1.58,2.70
2014.05.08 06:14:22.360,1.02101,1.02118,1.00,2.70
2014.05.08 06:14:24.832,1.02101,1.02121,1.00,3.83
2014.05.08 06:14:24.933,1.02101,1.02122,1.15,2.40
2014.05.08 06:14:27.234,1.02101,1.02122,1.00,2.03
2014.05.08 06:14:29.058,1.02097,1.02118,2.40,1.10
2014.05.08 06:14:29.209,1.02097,1.02118,1.15,1.15
2014.05.08 06:14:29.310,1.02097,1.02118,1.15,1.18
2014.05.08 06:14:31.511,1.02096,1.02119,1.15,2.40
2014.05.08 06:14:36.667,1.02101,1.02119,1.00,2.03
2014.05.08 06:14:36.869,1.02097,1.02119,1.65,1.53
2014.05.08 06:14:37.020,1.02096,1.02115,1.20,1.65
2014.05.08 06:14:40.351,1.02096,1.02113,1.20,1.50
2014.05.08 06:14:40.553,1.02091,1.02113,3.15,1.58
2014.05.08 06:14:40.857,1.02091,1.02112,1.15,2.33
2014.05.08 06:14:40.926,1.02091,1.02112,1.18,2.33
2014.05.08 06:14:41.347,1.02091,1.02105,1.18,1.50
2014.05.08 06:14:41.499,1.02087,1.02105,1.08,1.58
2014.05.08 06:14:41.650,1.02087,1.02105,1.15,1.58
2014.05.08 06:14:46.311,1.02092,1.02107,1.00,1.65
2014.05.08 06:14:47.742,1.02087,1.02107,1.15,1.65
2014.05.08 06:14:49.060,1.02092,1.02107,1.00,1.65
2014.05.08 06:14:52.120,1.02092,1.02104,1.00,1.50
2014.05.08 06:14:52.171,1.02087,1.02104,1.15,1.50
2014.05.08 06:14:52.389,1.02092,1.02107,1.00,1.65
2014.05.08 06:15:01.709,1.02092,1.02107,1.00,1.58
2014.05.08 06:15:03.033,1.02087,1.02107,1.15,1.58
2014.05.08 06:15:09.631,1.02091,1.02107,1.00,1.58
2014.05.08 06:15:10.179,1.02086,1.02107,1.15,1.58
2014.05.08 06:15:13.626,1.02085,1.02104,3.83,1.00
2014.05.08 06:15:13.677,1.02085,1.02104,1.65,1.10
2014.05.08 06:15:16.400,1.02086,1.02105,1.00,4.58
2014.05.08 06:15:16.702,1.02082,1.021,1.00,1.65
2014.05.08 06:15:18.557,1.02082,1.02097,1.00,2.25
2014.05.08 06:15:18.658,1.02076,1.02092,1.10,1.58
2014.05.08 06:15:18.709,1.02076,1.02092,1.00,1.58
2014.05.08 06:15:18.810,1.02076,1.02092,1.10,1.58
2014.05.08 06:15:19.011,1.02076,1.02098,1.08,1.65
2014.05.08 06:15:19.113,1.02076,1.02098,1.15,1.65
2014.05.08 06:15:21.821,1.02076,1.02098,1.18,3.83
2014.05.08 06:15:21.876,1.02076,1.02098,1.10,3.83
2014.05.08 06:15:23.921,1.02082,1.02097,1.00,1.65
2014.05.08 06:15:24.422,1.02082,1.02097,1.00,1.65
2014.05.08 06:15:27.505,1.02082,1.02097,1.00,1.65
2014.05.08 06:15:31.441,1.02082,1.02098,1.00,1.65
2014.05.08 06:15:31.693,1.02082,1.02093,1.00,1.50
2014.05.08 06:15:35.650,1.02082,1.02102,1.00,3.45
2014.05.08 06:15:36.174,1.02087,1.02102,1.00,1.53
2014.05.08 06:15:36.275,1.02087,1.02104,1.00,1.73
2014.05.08 06:15:36.426,1.02082,1.02103,1.15,1.28
2014.05.08 06:15:36.477,1.02082,1.02103,1.08,3.45
2014.05.08 06:15:36.527,1.02082,1.02103,1.00,5.63
2014.05.08 06:15:36.578,1.0208,1.02099,1.65,1.15
2014.05.08 06:15:36.729,1.02076,1.02099,2.93,1.15
2014.05.08 06:15:37.031,1.02082,1.02099,2.25,2.33
2014.05.08 06:15:37.132,1.0208,1.02098,1.50,1.15
2014.05.08 06:15:37.183,1.0208,1.02098,1.50,1.15
2014.05.08 06:15:37.233,1.02077,1.02098,1.18,1.15
2014.05.08 06:15:37.552,1.02082,1.02101,1.00,4.50
2014.05.08 06:15:42.654,1.02082,1.02103,1.00,1.15
2014.05.08 06:15:42.755,1.02083,1.02103,2.33,1.10
2014.05.08 06:15:42.953,1.02086,1.02105,1.18,1.65
2014.05.08 06:15:43.061,1.02092,1.02105,1.00,1.58
2014.05.08 06:15:43.322,1.02092,1.0211,1.10,1.05
2014.05.08 06:15:44.003,1.02092,1.02112,1.00,4.50
2014.05.08 06:15:45.490,1.02092,1.02113,1.10,3.08
2014.05.08 06:15:45.591,1.02096,1.02115,1.00,2.70
2014.05.08 06:15:45.701,1.02097,1.02118,1.50,6.08
2014.05.08 06:15:46.006,1.02091,1.02114,4.58,1.53
2014.05.08 06:15:46.259,1.02091,1.0211,1.15,1.65
2014.05.08 06:15:46.361,1.02088,1.02108,1.65,1.00
2014.05.08 06:15:46.581,1.02091,1.0211,1.15,1.65
2014.05.08 06:15:47.516,1.02092,1.02114,1.65,1.08
2014.05.08 06:15:47.567,1.02092,1.02114,3.83,1.08
2014.05.08 06:15:48.491,1.02092,1.02113,1.15,1.65
2014.05.08 06:15:49.931,1.02097,1.02116,1.00,3.15
2014.05.08 06:15:50.137,1.02091,1.02114,1.15,3.23
2014.05.08 06:15:50.631,1.02091,1.02114,1.15,4.58
2014.05.08 06:15:51.188,1.02089,1.02108,2.33,1.00
2014.05.08 06:15:51.533,1.02087,1.02108,3.83,1.08
2014.05.08 06:15:58.427,1.02092,1.02113,1.08,2.40
2014.05.08 06:15:58.478,1.02092,1.02113,1.15,2.40
2014.05.08 06:15:58.916,1.02095,1.02113,1.50,1.15
2014.05.08 06:16:00.321,1.02097,1.02116,1.00,4.88
2014.05.08 06:16:00.422,1.02097,1.02118,1.15,2.78
2014.05.08 06:16:01.077,1.02096,1.02113,1.65,1.00
2014.05.08 06:16:01.291,1.02092,1.02112,2.18,1.65
2014.05.08 06:16:02.632,1.02096,1.02112,1.00,1.65
2014.05.08 06:16:02.935,1.02097,1.02116,2.25,2.25
2014.05.08 06:16:02.985,1.02097,1.02119,2.33,2.40
2014.05.08 06:16:10.320,1.02096,1.02119,1.18,4.58
2014.05.08 06:16:10.676,1.02093,1.02112,1.15,1.58
2014.05.08 06:16:11.347,1.02092,1.02112,1.18,1.65
2014.05.08 06:16:14.012,1.02092,1.02113,1.15,1.20
2014.05.08 06:16:14.063,1.02097,1.02115,1.00,1.65
2014.05.08 06:16:14.373,1.02091,1.02114,2.40,1.15
2014.05.08 06:16:18.136,1.02091,1.02108,1.15,1.50
2014.05.08 06:16:18.425,1.02091,1.02112,1.15,1.65
2014.05.08 06:16:19.542,1.02091,1.02112,3.08,1.65
2014.05.08 06:16:19.653,1.02091,1.02112,1.15,1.58
2014.05.08 06:16:22.267,1.02091,1.02111,1.08,2.33
2014.05.08 06:16:22.318,1.02091,1.02111,1.00,2.33
2014.05.08 06:16:22.870,1.02087,1.02108,1.15,1.15
2014.05.08 06:16:22.921,1.02087,1.02108,1.08,1.15
2014.05.08 06:16:23.072,1.02083,1.02103,1.65,1.18
2014.05.08 06:16:23.232,1.02082,1.02101,1.18,1.58
2014.05.08 06:16:23.737,1.02082,1.02101,1.18,1.65
2014.05.08 06:16:24.631,1.02087,1.02101,1.00,1.65
2014.05.08 06:16:24.822,1.02083,1.02104,1.58,1.15
2014.05.08 06:16:24.872,1.02083,1.02103,1.50,2.33
2014.05.08 06:16:25.900,1.02081,1.02097,1.08,1.50
2014.05.08 06:16:26.431,1.02081,1.02096,1.00,1.50
2014.05.08 06:16:26.939,1.02077,1.02096,1.43,1.50
2014.05.08 06:16:27.559,1.02082,1.02096,1.00,1.50
2014.05.08 06:16:27.779,1.02076,1.02096,1.68,1.50
2014.05.08 06:16:35.809,1.02081,1.02096,1.00,1.50
2014.05.08 06:16:38.440,1.02081,1.02097,1.00,1.58
2014.05.08 06:16:40.390,1.02081,1.02097,1.00,1.65
2014.05.08 06:16:40.743,1.02081,1.02101,1.00,1.65
2014.05.08 06:16:41.403,1.02081,1.02101,1.15,1.65
2014.05.08 06:16:45.102,1.02079,1.02098,1.65,1.00
2014.05.08 06:16:45.152,1.02077,1.02094,3.08,1.58
2014.05.08 06:16:45.203,1.02077,1.02094,1.15,1.58
2014.05.08 06:16:45.323,1.02082,1.02094,1.00,1.58
2014.05.08 06:16:45.575,1.02082,1.02101,1.10,1.65
2014.05.08 06:17:00.332,1.02082,1.02101,1.10,1.65
2014.05.08 06:17:03.216,1.02082,1.02101,1.20,1.65
2014.05.08 06:17:36.409,1.02079,1.02098,1.65,1.00
2014.05.08 06:17:36.718,1.02077,1.02095,1.15,1.58
2014.05.08 06:17:37.050,1.02082,1.02097,1.00,1.58
2014.05.08 06:17:39.551,1.02082,1.02097,1.18,1.50
2014.05.08 06:17:47.629,1.02082,1.02094,1.18,1.50
2014.05.08 06:17:47.731,1.02077,1.02094,1.15,1.50
2014.05.08 06:17:52.016,1.02077,1.02094,1.18,1.58
2014.05.08 06:17:52.067,1.02077,1.02094,1.10,1.58
2014.05.08 06:17:52.218,1.02074,1.02093,2.33,1.50
2014.05.08 06:17:52.484,1.02076,1.02094,1.08,1.58
2014.05.08 06:17:52.585,1.02076,1.02094,1.15,1.50
2014.05.08 06:18:00.973,1.02076,1.02094,1.08,1.58
2014.05.08 06:18:01.024,1.02076,1.02094,1.00,1.65
2014.05.08 06:18:01.125,1.02076,1.02094,1.15,1.50
2014.05.08 06:18:02.682,1.02076,1.02094,1.10,1.65
2014.05.08 06:18:03.068,1.02076,1.02094,1.15,1.65
2014.05.08 06:18:16.898,1.02076,1.02097,1.15,1.65
2014.05.08 06:18:16.948,1.02076,1.02097,3.08,1.65
2014.05.08 06:18:17.681,1.02076,1.02095,3.08,1.50
2014.05.08 06:18:18.985,1.02076,1.02095,1.08,1.65
2014.05.08 06:18:28.935,1.02076,1.02095,1.15,1.58
2014.05.08 06:18:28.986,1.02076,1.02095,1.15,1.50
2014.05.08 06:18:29.087,1.02076,1.02095,1.15,1.65
2014.05.08 06:18:30.891,1.02076,1.02095,1.15,1.65
2014.05.08 06:18:31.059,1.02076,1.02095,1.18,1.58
2014.05.08 06:18:32.639,1.02076,1.02095,1.53,1.50
2014.05.08 06:18:36.199,1.02076,1.02095,1.18,1.58
2014.05.08 06:18:36.249,1.02076,1.02095,1.08,1.65
2014.05.08 06:18:36.501,1.02076,1.02095,1.15,1.65
2014.05.08 06:18:36.703,1.02076,1.02089,1.08,1.50
2014.05.08 06:18:38.027,1.02076,1.02089,1.10,1.50
2014.05.08 06:18:38.128,1.02076,1.02095,1.10,1.80
2014.05.08 06:18:38.338,1.02076,1.02095,1.08,1.65
2014.05.08 06:18:38.440,1.02076,1.0209,1.20,1.50
2014.05.08 06:18:38.779,1.02076,1.0209,1.15,1.50
2014.05.08 06:18:38.830,1.02076,1.02095,1.15,1.58
2014.05.08 06:18:59.762,1.02073,1.02095,2.70,1.58
2014.05.08 06:19:00.938,1.02073,1.02091,2.70,1.50
2014.05.08 06:19:00.989,1.0207,1.02091,1.53,1.50
2014.05.08 06:19:01.898,1.02071,1.02094,2.03,1.65
2014.05.08 06:19:01.948,1.02071,1.02094,4.20,1.58
2014.05.08 06:19:05.851,1.02071,1.02094,4.20,1.65
2014.05.08 06:19:05.901,1.02071,1.02094,2.03,1.65
2014.05.08 06:19:06.209,1.02072,1.02089,1.28,1.50
2014.05.08 06:19:06.562,1.02072,1.02089,1.48,1.65
2014.05.08 06:19:07.352,1.02067,1.02088,3.45,1.18
2014.05.08 06:19:22.577,1.02072,1.0209,1.00,1.65
2014.05.08 06:19:23.459,1.02072,1.0209,1.00,3.83
2014.05.08 06:19:23.917,1.02072,1.02092,1.00,4.50
2014.05.08 06:19:32.057,1.0207,1.02092,2.03,4.50
2014.05.08 06:19:35.716,1.02067,1.02091,2.70,1.65
2014.05.08 06:19:36.257,1.02069,1.02094,4.20,4.95
2014.05.08 06:19:36.598,1.02067,1.02092,2.70,3.83
2014.05.08 06:19:37.444,1.02066,1.02089,2.03,1.65
2014.05.08 06:19:37.854,1.02073,1.0209,1.50,2.33
2014.05.08 06:19:37.955,1.02073,1.02089,2.03,1.00
2014.05.08 06:19:38.113,1.02073,1.02093,2.03,1.18
2014.05.08 06:19:38.214,1.0207,1.02089,1.58,1.58
2014.05.08 06:19:38.315,1.02069,1.02089,1.15,2.03
2014.05.08 06:19:39.227,1.02069,1.02093,2.70,1.28
2014.05.08 06:19:40.408,1.02067,1.02092,5.78,3.83
2014.05.08 06:19:43.127,1.02071,1.02094,1.65,2.03
2014.05.08 06:19:43.279,1.02072,1.02096,1.53,2.03
2014.05.08 06:19:51.756,1.02071,1.02091,2.70,1.50
2014.05.08 06:19:52.183,1.02071,1.02091,1.53,1.65
2014.05.08 06:20:00.577,1.02071,1.02091,1.55,1.65
2014.05.08 06:20:00.879,1.02071,1.02091,1.10,3.83
2014.05.08 06:20:11.385,1.02071,1.02093,1.15,2.78
2014.05.08 06:20:22.045,1.02071,1.02091,1.18,2.70
2014.05.08 06:20:22.247,1.02066,1.02088,1.28,2.03
2014.05.08 06:20:22.348,1.02066,1.02089,1.28,2.03
2014.05.08 06:20:26.947,1.02066,1.02089,2.03,1.65
2014.05.08 06:20:27.048,1.02067,1.02089,2.70,1.65
2014.05.08 06:20:27.149,1.02071,1.02089,1.28,1.58
2014.05.08 06:20:27.250,1.02071,1.02092,2.03,1.10
2014.05.08 06:20:27.699,1.02071,1.02094,4.20,1.65
2014.05.08 06:20:28.206,1.02074,1.02099,4.20,4.20
2014.05.08 06:20:28.307,1.02074,1.02094,1.65,1.28
2014.05.08 06:20:28.357,1.02074,1.02093,1.58,3.45
2014.05.08 06:20:28.458,1.02067,1.02092,1.28,2.70
2014.05.08 06:20:29.098,1.02067,1.02091,1.28,2.70
2014.05.08 06:20:29.178,1.02067,1.02091,1.28,4.88
2014.05.08 06:20:38.468,1.02069,1.02091,1.05,6.00
2014.05.08 06:20:48.640,1.02069,1.02091,1.05,1.65
2014.05.08 06:20:57.704,1.02071,1.02089,1.13,2.33
2014.05.08 06:20:57.754,1.02071,1.02089,1.45,2.25
2014.05.08 06:20:57.906,1.0207,1.02094,2.93,1.53
2014.05.08 06:20:57.957,1.02069,1.02092,1.75,2.70
2014.05.08 06:21:01.206,1.02069,1.02093,1.88,4.88
2014.05.08 06:21:02.503,1.0207,1.02091,1.68,1.65
2014.05.08 06:21:06.755,1.02067,1.02088,1.60,1.08
2014.05.08 06:21:09.234,1.02069,1.02091,1.05,4.50
2014.05.08 06:21:09.629,1.02069,1.02094,1.68,5.63
2014.05.08 06:21:26.164,1.02071,1.02088,1.00,1.50
2014.05.08 06:21:26.266,1.02067,1.02088,1.35,1.65
2014.05.08 06:21:27.888,1.0207,1.02088,1.00,1.65
2014.05.08 06:21:27.938,1.0207,1.02093,1.10,4.20
2014.05.08 06:21:28.446,1.02071,1.02093,1.00,3.45
2014.05.08 06:21:29.736,1.02068,1.02088,1.05,1.65
2014.05.08 06:21:30.226,1.02066,1.02084,1.05,1.50
2014.05.08 06:21:44.993,1.02067,1.02084,1.38,1.50
2014.05.08 06:22:00.263,1.02067,1.02089,1.13,2.40
2014.05.08 06:22:02.698,1.02066,1.02088,1.53,2.70
2014.05.08 06:22:03.000,1.02059,1.02081,1.00,4.50
2014.05.08 06:22:03.425,1.02058,1.02078,1.13,1.15
2014.05.08 06:22:03.991,1.02053,1.02078,3.60,2.03
2014.05.08 06:22:22.245,1.02057,1.0208,1.20,2.33
2014.05.08 06:22:24.000,1.02054,1.02078,1.68,1.65
2014.05.08 06:22:24.828,1.02054,1.02078,1.68,1.65
2014.05.08 06:22:27.639,1.02054,1.02078,3.60,1.65
2014.05.08 06:22:29.142,1.02054,1.02078,5.78,1.65
2014.05.08 06:22:37.985,1.02054,1.02078,4.73,4.95
2014.05.08 06:22:38.036,1.02054,1.02072,1.80,1.38
2014.05.08 06:22:38.187,1.02054,1.02069,1.20,1.08
2014.05.08 06:22:38.504,1.02049,1.02063,2.25,1.58
2014.05.08 06:22:38.556,1.02043,1.02063,1.20,1.65
2014.05.08 06:22:39.061,1.02039,1.02061,2.70,1.50
2014.05.08 06:22:39.111,1.02039,1.02061,2.70,1.58
2014.05.08 06:22:39.468,1.02034,1.02059,3.23,1.15
2014.05.08 06:22:39.618,1.02036,1.02059,1.35,1.15
2014.05.08 06:22:41.166,1.02036,1.02059,2.70,1.15
2014.05.08 06:22:41.747,1.02037,1.02061,3.08,2.03
2014.05.08 06:22:47.301,1.02037,1.02061,1.15,2.70
2014.05.08 06:22:47.814,1.02037,1.02062,3.08,6.38
2014.05.08 06:22:49.724,1.02037,1.02061,1.53,4.50
2014.05.08 06:22:51.484,1.02036,1.02061,1.53,3.15
2014.05.08 06:22:51.535,1.02036,1.02062,1.53,2.48
2014.05.08 06:22:51.586,1.02036,1.02061,1.53,3.15
2014.05.08 06:22:52.137,1.02035,1.02056,2.33,1.65
2014.05.08 06:22:58.622,1.02036,1.02061,3.45,2.70
2014.05.08 06:22:58.672,1.02036,1.02062,5.63,2.10
2014.05.08 06:22:58.873,1.02037,1.02062,1.53,1.65
2014.05.08 06:22:59.175,1.02047,1.02066,1.68,2.33
2014.05.08 06:22:59.478,1.02049,1.02072,1.13,2.33
2014.05.08 06:22:59.734,1.02049,1.02073,1.13,1.65
2014.05.08 06:23:00.239,1.02049,1.0207,1.45,1.50
2014.05.08 06:23:06.352,1.02049,1.02068,1.45,1.00
2014.05.08 06:23:06.453,1.02045,1.02068,7.73,2.40
2014.05.08 06:23:08.529,1.02048,1.02072,2.93,2.70
2014.05.08 06:23:08.630,1.02049,1.02073,1.13,1.53
2014.05.08 06:23:09.801,1.02054,1.02074,2.25,2.18
2014.05.08 06:23:09.909,1.02054,1.02074,2.33,1.88
2014.05.08 06:23:10.060,1.0205,1.02074,4.88,1.38
2014.05.08 06:23:10.120,1.02052,1.02074,2.33,1.38
2014.05.08 06:23:10.242,1.02052,1.02074,4.50,1.00
2014.05.08 06:23:10.343,1.02056,1.02076,1.15,1.95
2014.05.08 06:23:10.394,1.02056,1.02077,1.28,1.13
2014.05.08 06:23:10.495,1.02058,1.02083,4.50,1.73
2014.05.08 06:23:13.837,1.02058,1.02081,4.88,1.65
2014.05.08 06:23:14.140,1.02055,1.02079,2.70,1.55
2014.05.08 06:23:14.442,1.02057,1.0208,1.08,2.70
2014.05.08 06:23:14.493,1.02057,1.02081,1.15,1.53
2014.05.08 06:23:15.400,1.02058,1.02082,2.33,2.70
2014.05.08 06:23:15.451,1.02058,1.02083,2.33,1.53
2014.05.08 06:23:16.220,1.02058,1.02083,2.70,1.28
2014.05.08 06:23:16.777,1.02062,1.02087,1.53,1.13
2014.05.08 06:23:16.929,1.02067,1.0209,1.15,1.55
2014.05.08 06:23:17.487,1.02069,1.02093,2.33,1.53
2014.05.08 06:23:18.236,1.02067,1.02093,4.20,3.45
2014.05.08 06:23:19.931,1.02067,1.02093,2.78,3.45
2014.05.08 06:23:21.144,1.02067,1.02088,2.03,1.18
2014.05.08 06:23:21.196,1.02067,1.02088,1.55,1.15
2014.05.08 06:23:21.448,1.02066,1.02091,3.53,2.33
2014.05.08 06:23:21.650,1.02069,1.02094,1.53,1.15
2014.05.08 06:23:22.485,1.0207,1.02094,2.70,1.15
2014.05.08 06:23:22.536,1.0207,1.02094,4.88,1.15
2014.05.08 06:23:22.738,1.02072,1.02094,4.20,1.08
2014.05.08 06:23:22.788,1.02073,1.02094,2.70,1.10
2014.05.08 06:23:23.003,1.02075,1.02099,2.70,1.18
2014.05.08 06:23:39.129,1.02078,1.02103,2.70,3.08
2014.05.08 06:23:40.733,1.02073,1.02098,6.38,1.15
2014.05.08 06:23:40.783,1.02073,1.02094,6.38,1.00
2014.05.08 06:23:41.324,1.02073,1.02094,6.38,1.00
2014.05.08 06:23:41.475,1.02069,1.02094,5.70,1.18
2014.05.08 06:23:41.991,1.02068,1.02094,4.88,1.15
2014.05.08 06:23:56.162,1.02071,1.02094,2.70,1.15
2014.05.08 06:23:56.419,1.02069,1.02094,1.53,1.15
2014.05.08 06:24:16.672,1.02068,1.02094,2.70,1.28
2014.05.08 06:24:17.183,1.02067,1.02094,6.38,1.28
2014.05.08 06:24:31.379,1.02067,1.02092,2.70,2.70
2014.05.08 06:24:32.444,1.02066,1.02091,3.45,2.70
2014.05.08 06:24:46.765,1.02065,1.02088,2.70,1.15
2014.05.08 06:24:46.816,1.02063,1.02088,4.20,1.15
2014.05.08 06:24:58.214,1.02065,1.02089,2.70,1.15
2014.05.08 06:25:04.013,1.02066,1.02088,1.28,2.33
2014.05.08 06:25:07.770,1.02066,1.02088,3.15,4.20
2014.05.08 06:25:07.821,1.02066,1.02088,5.33,2.03
2014.05.08 06:25:07.930,1.02066,1.02088,3.15,2.03
2014.05.08 06:25:13.332,1.02066,1.02088,5.33,2.03
2014.05.08 06:25:13.941,1.02066,1.02085,3.08,1.50
2014.05.08 06:25:13.992,1.02064,1.02085,3.45,1.58
2014.05.08 06:25:27.326,1.02064,1.02085,3.45,1.65
2014.05.08 06:25:27.427,1.02064,1.02085,1.28,1.65
2014.05.08 06:25:30.433,1.02068,1.02084,1.38,1.20
2014.05.08 06:25:30.735,1.02069,1.0209,1.55,1.65
2014.05.08 06:25:30.786,1.02069,1.0209,3.45,1.50
2014.05.08 06:25:30.887,1.02071,1.0209,4.20,1.50
2014.05.08 06:25:31.214,1.02071,1.02095,3.83,1.53
2014.05.08 06:25:38.203,1.02071,1.02095,2.03,3.45
2014.05.08 06:25:39.880,1.02077,1.02095,1.10,1.28
2014.05.08 06:25:40.724,1.02073,1.02097,1.53,2.03
2014.05.08 06:25:45.532,1.02075,1.02097,1.15,2.03
2014.05.08 06:25:46.072,1.02077,1.02099,1.15,1.53
2014.05.08 06:25:48.385,1.02077,1.02099,1.15,1.53
2014.05.08 06:25:48.437,1.02078,1.02101,1.18,2.78
2014.05.08 06:25:48.488,1.02078,1.02101,3.08,2.78
2014.05.08 06:25:48.589,1.02081,1.02101,1.15,1.95
2014.05.08 06:25:48.740,1.02081,1.02103,3.08,3.53
2014.05.08 06:25:49.143,1.02081,1.02103,1.28,2.40
2014.05.08 06:25:49.244,1.02081,1.02103,1.28,2.40
2014.05.08 06:25:49.360,1.02081,1.02102,1.28,2.33
2014.05.08 06:25:58.166,1.02076,1.02096,4.58,1.50
2014.05.08 06:25:58.268,1.02076,1.02096,2.40,1.58
2014.05.08 06:26:20.342,1.02082,1.02098,1.00,2.33
2014.05.08 06:26:20.393,1.02082,1.02098,1.00,2.25
2014.05.08 06:26:20.976,1.02077,1.021,1.53,1.18
2014.05.08 06:26:21.781,1.02077,1.02098,1.53,1.50
2014.05.08 06:26:25.663,1.0208,1.02098,1.53,1.50
2014.05.08 06:26:26.041,1.02081,1.02101,3.45,1.65
2014.05.08 06:26:28.602,1.02086,1.02101,1.65,1.58
2014.05.08 06:26:28.703,1.02086,1.02109,2.03,3.83
2014.05.08 06:26:28.966,1.02088,1.02109,1.53,1.65
2014.05.08 06:26:39.476,1.02088,1.02112,2.03,1.15
2014.05.08 06:26:39.879,1.02092,1.02113,1.53,1.88
2014.05.08 06:26:40.333,1.02095,1.02116,1.15,1.35
2014.05.08 06:26:40.447,1.02095,1.02113,1.15,1.00
2014.05.08 06:26:40.979,1.02095,1.02117,1.15,1.53
2014.05.08 06:26:42.813,1.02095,1.02113,1.15,1.00
2014.05.08 06:26:45.529,1.02095,1.02117,1.28,1.15
2014.05.08 06:26:45.710,1.02094,1.02119,1.53,6.75
2014.05.08 06:26:46.338,1.02097,1.02119,1.55,1.15
2014.05.08 06:26:49.581,1.02094,1.02119,4.95,3.08
2014.05.08 06:26:50.275,1.02094,1.02118,2.78,2.33
2014.05.08 06:26:53.142,1.02096,1.02118,1.53,2.40
2014.05.08 06:26:53.360,1.02096,1.02114,1.53,1.00
2014.05.08 06:26:54.397,1.02096,1.02114,1.45,1.08
2014.05.08 06:26:56.112,1.02101,1.02116,1.00,1.65
2014.05.08 06:26:56.263,1.02101,1.02119,1.00,1.65
2014.05.08 06:26:57.099,1.02101,1.02119,1.10,1.65
2014.05.08 06:26:57.353,1.02101,1.02119,1.18,1.58
2014.05.08 06:27:17.529,1.02098,1.02114,3.45,1.00
2014.05.08 06:27:17.688,1.02098,1.02114,1.53,1.00
2014.05.08 06:27:17.859,1.02098,1.02118,1.53,1.20
2014.05.08 06:27:21.386,1.02101,1.02119,1.58,1.65
2014.05.08 06:27:21.588,1.02101,1.02122,2.03,1.65
2014.05.08 06:27:24.988,1.02101,1.02121,2.03,1.58
2014.05.08 06:27:25.240,1.02101,1.0212,1.55,1.10
2014.05.08 06:27:25.291,1.02101,1.02121,1.18,2.40
2014.05.08 06:27:25.474,1.02099,1.02121,1.28,1.15
2014.05.08 06:27:25.575,1.02099,1.02119,1.28,1.15
2014.05.08 06:27:25.626,1.02099,1.02119,1.28,1.15
2014.05.08 06:27:25.777,1.02096,1.02116,1.00,4.88
2014.05.08 06:27:26.292,1.02091,1.02114,1.53,1.18
2014.05.08 06:27:26.775,1.02093,1.02114,1.65,1.15
2014.05.08 06:27:27.706,1.02093,1.02114,1.65,1.18
2014.05.08 06:27:27.757,1.02095,1.02114,1.15,1.20
2014.05.08 06:27:28.059,1.02098,1.02119,1.58,4.20
2014.05.08 06:27:28.390,1.02104,1.02121,1.50,1.28
2014.05.08 06:27:28.492,1.02104,1.02123,1.58,1.53
2014.05.08 06:27:34.169,1.02101,1.02118,1.65,1.00
2014.05.08 06:27:34.224,1.02101,1.02118,1.65,1.00
2014.05.08 06:27:35.075,1.02101,1.02118,1.58,1.00
2014.05.08 06:27:41.655,1.02102,1.02123,1.00,1.65
2014.05.08 06:27:41.756,1.02102,1.02123,1.58,1.15
2014.05.08 06:27:42.221,1.02107,1.02123,1.50,1.15
2014.05.08 06:27:43.078,1.02106,1.02123,1.50,1.15
2014.05.08 06:27:43.409,1.02103,1.02123,1.58,1.15
2014.05.08 06:27:44.444,1.02105,1.02123,1.50,1.15
2014.05.08 06:27:50.118,1.02103,1.02123,1.58,1.15
2014.05.08 06:27:50.669,1.02102,1.02117,1.28,1.50
2014.05.08 06:27:50.770,1.02102,1.02117,1.00,1.50
2014.05.08 06:27:50.921,1.02102,1.02122,1.18,2.03
2014.05.08 06:27:51.023,1.02102,1.02122,1.38,1.50
2014.05.08 06:27:51.944,1.02102,1.02117,1.95,1.50
2014.05.08 06:27:52.455,1.02102,1.02117,1.15,1.50
2014.05.08 06:27:55.118,1.02102,1.02118,1.15,1.50
2014.05.08 06:27:58.371,1.02102,1.02118,1.15,1.50
2014.05.08 06:28:03.259,1.02102,1.0212,1.65,1.65
2014.05.08 06:28:14.698,1.02102,1.02118,1.15,1.50
2014.05.08 06:28:15.843,1.02099,1.02118,1.48,1.65
2014.05.08 06:28:15.944,1.02097,1.02115,1.08,1.65
2014.05.08 06:28:16.246,1.02096,1.02113,1.00,3.83
2014.05.08 06:28:17.052,1.02096,1.02112,1.00,1.65
2014.05.08 06:28:17.153,1.02101,1.02116,2.25,1.15
2014.05.08 06:28:17.255,1.02101,1.02123,3.15,1.58
2014.05.08 06:28:17.356,1.02101,1.02123,3.15,1.58
2014.05.08 06:28:17.407,1.02102,1.02118,1.15,1.00
2014.05.08 06:28:17.458,1.02102,1.02117,1.10,1.50
2014.05.08 06:28:17.710,1.02102,1.02123,1.15,2.03
2014.05.08 06:28:17.912,1.02102,1.02123,1.15,2.70
2014.05.08 06:28:18.973,1.02102,1.02122,1.53,1.58
2014.05.08 06:28:20.164,1.02102,1.02122,1.53,1.58
2014.05.08 06:28:22.137,1.02102,1.02122,1.55,1.65
2014.05.08 06:28:23.213,1.02102,1.02118,1.00,1.65
2014.05.08 06:28:27.724,1.02102,1.02118,1.00,1.65
2014.05.08 06:28:27.825,1.02098,1.02118,1.18,2.40
2014.05.08 06:28:27.925,1.02098,1.02112,1.08,1.58
2014.05.08 06:28:28.169,1.02097,1.02112,1.00,1.65
2014.05.08 06:28:28.321,1.02097,1.02112,1.00,1.65
2014.05.08 06:28:28.372,1.02092,1.02112,1.10,1.65
2014.05.08 06:28:28.474,1.02091,1.02106,1.65,1.50
2014.05.08 06:28:30.469,1.02091,1.02104,1.65,1.50
2014.05.08 06:28:30.800,1.02092,1.0211,2.78,1.50
2014.05.08 06:28:31.002,1.02091,1.02109,1.53,1.18
2014.05.08 06:28:31.153,1.02091,1.02101,1.15,1.50
2014.05.08 06:28:31.255,1.02087,1.02101,2.10,1.50
2014.05.08 06:28:31.356,1.02087,1.02105,2.10,1.58
2014.05.08 06:28:31.457,1.02087,1.02105,2.48,1.50
2014.05.08 06:28:31.942,1.02088,1.02108,1.53,1.65
2014.05.08 06:28:32.659,1.02088,1.02111,1.53,1.65
2014.05.08 06:28:32.793,1.02089,1.02109,3.45,1.50
2014.05.08 06:28:34.649,1.02089,1.02108,3.45,1.50
2014.05.08 06:28:36.719,1.02089,1.02108,1.53,1.58
2014.05.08 06:28:41.836,1.02089,1.02103,1.15,1.00
2014.05.08 06:28:43.337,1.02088,1.02106,1.28,1.50
2014.05.08 06:28:44.888,1.02089,1.02107,1.15,1.50
2014.05.08 06:28:55.336,1.02089,1.02104,1.15,1.00
2014.05.08 06:28:55.387,1.02087,1.02104,1.28,2.33
2014.05.08 06:28:55.670,1.02087,1.02104,1.28,1.58
2014.05.08 06:28:55.720,1.02087,1.02108,3.45,1.65
2014.05.08 06:28:56.622,1.02087,1.02108,1.28,1.65
2014.05.08 06:28:57.825,1.02087,1.02108,1.20,1.65
2014.05.08 06:28:57.877,1.02087,1.02104,1.20,1.10
2014.05.08 06:28:58.230,1.02086,1.02107,1.53,2.40
2014.05.08 06:29:00.078,1.02088,1.02103,1.15,1.00
2014.05.08 06:29:00.229,1.02085,1.02103,1.53,1.00
2014.05.08 06:29:00.452,1.02087,1.02107,1.20,1.65
2014.05.08 06:29:00.502,1.02087,1.02107,1.20,1.65
2014.05.08 06:29:01.163,1.02087,1.02107,2.03,1.50
2014.05.08 06:29:02.347,1.02087,1.02107,2.03,1.58
2014.05.08 06:29:02.967,1.02086,1.02103,1.28,1.00
2014.05.08 06:29:04.134,1.02086,1.02105,2.03,1.65
2014.05.08 06:29:04.437,1.02095,1.02109,2.33,1.00
2014.05.08 06:29:04.588,1.02095,1.02113,2.33,2.25
2014.05.08 06:29:05.147,1.02097,1.02113,2.70,1.00
2014.05.08 06:29:07.564,1.02097,1.02113,1.65,1.00
2014.05.08 06:29:09.296,1.02097,1.02113,1.65,1.00
2014.05.08 06:29:13.887,1.02094,1.02113,1.65,1.10
2014.05.08 06:29:14.717,1.02096,1.02113,1.58,1.10
2014.05.08 06:29:25.877,1.02097,1.02113,1.50,1.10
2014.05.08 06:29:26.898,1.02096,1.02113,2.03,1.00
2014.05.08 06:29:27.297,1.02096,1.02113,2.03,1.00
2014.05.08 06:29:27.348,1.02096,1.02113,2.03,1.00
2014.05.08 06:29:29.183,1.021,1.02113,1.50,1.00
2014.05.08 06:29:29.435,1.02099,1.02119,1.15,1.48
2014.05.08 06:29:29.637,1.021,1.02118,1.58,1.20
2014.05.08 06:29:30.209,1.021,1.02118,1.58,1.08
2014.05.08 06:29:31.376,1.021,1.02119,1.58,1.65
2014.05.08 06:29:31.706,1.02096,1.02113,1.65,1.00
2014.05.08 06:29:31.958,1.02095,1.02113,2.03,1.08
2014.05.08 06:29:37.198,1.02102,1.02117,1.50,1.18
2014.05.08 06:29:37.299,1.02102,1.02118,1.65,1.00
2014.05.08 06:29:37.450,1.02105,1.02118,3.00,1.00
2014.05.08 06:29:37.752,1.02113,1.02124,1.50,1.20
2014.05.08 06:29:37.853,1.02113,1.02134,1.65,1.53
2014.05.08 06:29:37.904,1.02113,1.02128,1.18,1.00
2014.05.08 06:29:38.124,1.02111,1.02133,1.28,1.53
2014.05.08 06:29:40.972,1.02112,1.02134,3.08,1.65
2014.05.08 06:29:41.245,1.02112,1.02134,5.63,1.65
2014.05.08 06:29:43.193,1.02117,1.02134,1.65,1.00
2014.05.08 06:29:48.867,1.02118,1.02134,2.03,1.00
2014.05.08 06:29:48.918,1.02118,1.02139,2.03,1.18
2014.05.08 06:29:48.968,1.02118,1.02139,4.95,1.00
2014.05.08 06:29:49.357,1.02121,1.02134,1.15,1.00
2014.05.08 06:29:49.508,1.02121,1.02134,1.10,1.00
2014.05.08 06:29:49.559,1.02117,1.02128,1.15,1.00
2014.05.08 06:29:49.609,1.02117,1.02128,1.15,1.00
2014.05.08 06:29:49.761,1.02116,1.02128,1.18,1.00
2014.05.08 06:29:50.014,1.02116,1.02128,1.38,1.00
2014.05.08 06:29:50.115,1.02117,1.02134,1.13,1.00
2014.05.08 06:29:50.166,1.02118,1.02134,1.53,1.00
2014.05.08 06:29:50.707,1.02119,1.02134,2.70,1.00
2014.05.08 06:29:55.802,1.02119,1.02134,1.53,1.00
2014.05.08 06:29:56.070,1.02119,1.02138,1.53,1.18
2014.05.08 06:30:03.616,1.02119,1.02133,1.53,1.00
2014.05.08 06:30:06.497,1.02119,1.02133,3.45,1.00
2014.05.08 06:30:07.909,1.02119,1.02138,4.88,1.00
2014.05.08 06:30:11.220,1.02122,1.02143,1.53,1.15
2014.05.08 06:30:11.371,1.02122,1.02143,3.45,1.18
2014.05.08 06:30:11.916,1.02123,1.02143,2.70,1.10
2014.05.08 06:30:22.416,1.02123,1.02143,2.33,1.48
2014.05.08 06:30:22.732,1.02121,1.02134,2.33,1.00
2014.05.08 06:30:22.834,1.02115,1.02134,2.70,1.00
2014.05.08 06:30:22.935,1.02119,1.02139,2.03,1.65
2014.05.08 06:30:22.985,1.02119,1.02139,2.78,1.18
2014.05.08 06:30:23.306,1.02119,1.02139,3.45,1.00
2014.05.08 06:30:26.318,1.02119,1.02139,1.28,1.18
2014.05.08 06:30:35.675,1.02119,1.02134,1.15,1.00
2014.05.08 06:30:35.727,1.02119,1.02134,1.18,1.00
2014.05.08 06:30:36.080,1.02119,1.02139,1.53,1.15
2014.05.08 06:30:36.131,1.0212,1.02139,1.55,1.08
2014.05.08 06:30:36.658,1.0212,1.02139,3.45,1.00
2014.05.08 06:30:37.502,1.0212,1.02139,1.53,1.00
2014.05.08 06:30:37.950,1.02122,1.02139,2.33,1.00
2014.05.08 06:30:42.228,1.0212,1.02139,2.03,1.00
2014.05.08 06:30:45.267,1.02118,1.02139,1.15,1.00
2014.05.08 06:30:45.489,1.02118,1.02138,1.00,2.33
2014.05.08 06:30:45.590,1.02119,1.02139,1.08,1.53
2014.05.08 06:30:46.174,1.02117,1.02139,1.15,1.58
2014.05.08 06:30:47.189,1.02117,1.02139,1.15,1.58
2014.05.08 06:30:47.749,1.02117,1.02139,1.53,1.20
2014.05.08 06:30:54.787,1.02123,1.02139,1.00,1.20
2014.05.08 06:30:55.125,1.02132,1.02148,1.50,1.88
2014.05.08 06:30:55.688,1.0213,1.02148,1.53,1.00
2014.05.08 06:30:56.206,1.0213,1.02148,1.55,1.10
2014.05.08 06:30:57.067,1.0213,1.02143,1.55,1.00
2014.05.08 06:30:57.169,1.0213,1.02143,1.00,1.00
2014.05.08 06:30:57.269,1.02126,1.02143,1.28,1.00
2014.05.08 06:30:57.421,1.02129,1.02143,1.08,1.00
2014.05.08 06:30:57.722,1.02129,1.02143,2.78,1.00
2014.05.08 06:30:57.874,1.02132,1.02149,2.03,1.00
2014.05.08 06:30:57.975,1.02132,1.02149,4.95,1.00
2014.05.08 06:30:58.075,1.02132,1.02153,5.70,1.08
2014.05.08 06:30:58.126,1.02134,1.02153,2.70,1.08
2014.05.08 06:30:58.386,1.02135,1.02158,3.45,1.88
2014.05.08 06:30:58.588,1.02138,1.02158,2.03,1.20
2014.05.08 06:30:59.193,1.02136,1.02158,4.58,2.33
2014.05.08 06:30:59.496,1.02136,1.02148,1.50,1.15
2014.05.08 06:30:59.647,1.02134,1.02148,1.50,1.15
2014.05.08 06:30:59.748,1.02132,1.02148,1.50,1.15
2014.05.08 06:30:59.875,1.0213,1.02148,1.50,1.15
2014.05.08 06:31:00.182,1.0213,1.02148,1.50,1.15
2014.05.08 06:31:00.484,1.02128,1.02146,1.50,2.33
2014.05.08 06:31:00.637,1.02126,1.02143,2.33,1.15
2014.05.08 06:31:00.788,1.02126,1.02143,1.50,1.65
2014.05.08 06:31:00.990,1.02122,1.02142,1.50,4.50
2014.05.08 06:31:01.626,1.02121,1.02142,1.00,4.50
2014.05.08 06:31:02.175,1.02122,1.02142,1.50,4.88
2014.05.08 06:31:02.673,1.02121,1.02143,1.15,1.53
2014.05.08 06:31:03.463,1.02123,1.02143,1.73,1.53
2014.05.08 06:31:03.513,1.02123,1.02143,1.50,1.53
2014.05.08 06:31:04.030,1.02124,1.02138,1.50,1.00
2014.05.08 06:31:04.632,1.02121,1.02138,2.03,1.00
2014.05.08 06:31:11.090,1.02121,1.02138,2.03,1.00
2014.05.08 06:31:12.960,1.02121,1.02138,1.65,1.20
2014.05.08 06:31:16.166,1.02122,1.02138,1.50,1.20
2014.05.08 06:31:16.925,1.02122,1.02138,1.50,1.18
2014.05.08 06:31:17.046,1.02119,1.02138,1.65,1.15
2014.05.08 06:31:28.176,1.02117,1.0214,2.78,3.45
2014.05.08 06:31:28.277,1.02117,1.0214,4.95,1.15
2014.05.08 06:31:29.274,1.02119,1.02134,2.40,1.00
2014.05.08 06:31:30.816,1.02119,1.02138,1.15,1.10
2014.05.08 06:31:36.106,1.02121,1.02134,1.65,1.00
2014.05.08 06:31:39.065,1.02118,1.02138,2.03,1.10
2014.05.08 06:31:39.535,1.02118,1.02138,1.65,1.08
2014.05.08 06:31:39.794,1.0212,1.02141,1.65,1.28
2014.05.08 06:31:39.895,1.02124,1.02143,1.50,1.15
2014.05.08 06:31:40.299,1.02121,1.02139,2.40,1.08
2014.05.08 06:31:40.607,1.02121,1.02133,2.33,1.00
2014.05.08 06:31:48.305,1.02118,1.02139,1.28,2.40
2014.05.08 06:31:50.436,1.02123,1.02143,1.50,1.15
2014.05.08 06:31:50.996,1.02123,1.02144,2.03,1.65
2014.05.08 06:31:54.591,1.02123,1.02144,1.50,3.45
2014.05.08 06:31:57.723,1.02123,1.02142,1.50,2.70
2014.05.08 06:31:58.096,1.02122,1.02134,1.00,1.00
2014.05.08 06:31:58.197,1.02118,1.02134,1.00,1.18
2014.05.08 06:31:58.248,1.02118,1.02134,1.00,1.18
2014.05.08 06:31:58.298,1.02115,1.02134,1.10,1.15
2014.05.08 06:32:05.727,1.02111,1.02133,2.78,2.70
2014.05.08 06:32:29.385,1.02112,1.02133,1.18,1.15
2014.05.08 06:32:31.466,1.02111,1.02132,1.08,1.65
2014.05.08 06:32:32.985,1.02111,1.02134,1.45,3.08
2014.05.08 06:32:33.186,1.02111,1.02134,1.53,1.15
2014.05.08 06:32:40.436,1.02111,1.02133,1.53,2.40
2014.05.08 06:32:41.009,1.02111,1.02133,1.28,2.40
2014.05.08 06:32:46.705,1.02112,1.02135,4.95,2.33
2014.05.08 06:32:46.756,1.02112,1.02136,4.95,1.15
2014.05.08 06:32:49.408,1.02113,1.02137,1.55,3.45
2014.05.08 06:32:51.623,1.02113,1.02137,2.03,1.15
2014.05.08 06:32:51.926,1.02119,1.02138,1.15,1.65
2014.05.08 06:32:51.976,1.02119,1.02139,1.15,1.65
2014.05.08 06:32:52.560,1.02119,1.02139,1.15,2.03
2014.05.08 06:32:52.611,1.02114,1.02137,1.28,1.15
2014.05.08 06:32:53.095,1.02115,1.02139,1.15,2.03
2014.05.08 06:33:02.423,1.02117,1.02139,1.53,3.83
2014.05.08 06:33:03.983,1.02117,1.02139,1.55,1.65
2014.05.08 06:33:04.533,1.02117,1.02133,1.53,1.00
2014.05.08 06:33:04.685,1.02116,1.02133,1.45,2.33
2014.05.08 06:33:04.836,1.02116,1.02133,1.00,2.33
2014.05.08 06:33:05.342,1.02112,1.02133,1.53,2.40
2014.05.08 06:33:06.175,1.02113,1.02136,2.03,2.70
2014.05.08 06:33:06.276,1.02114,1.02138,1.53,2.78
2014.05.08 06:33:25.764,1.02117,1.02137,1.20,3.83
2014.05.08 06:33:26.115,1.02117,1.02135,1.00,2.70
2014.05.08 06:33:26.216,1.02111,1.02135,1.53,2.70
2014.05.08 06:33:35.457,1.0211,1.02134,1.28,3.45
2014.05.08 06:33:35.507,1.0211,1.02132,1.28,2.33
2014.05.08 06:33:35.984,1.0211,1.02134,1.28,3.45
2014.05.08 06:33:36.035,1.0211,1.02134,2.03,1.28
2014.05.08 06:33:56.659,1.02111,1.02133,1.53,1.15
2014.05.08 06:33:57.860,1.02113,1.02135,1.15,1.15
2014.05.08 06:34:04.363,1.02111,1.02128,2.33,1.00
2014.05.08 06:34:04.564,1.02107,1.02128,2.03,1.00
2014.05.08 06:34:05.313,1.02107,1.02126,1.53,1.50
2014.05.08 06:34:06.413,1.02107,1.02128,1.53,1.00
2014.05.08 06:34:07.043,1.02107,1.0213,1.53,1.65
2014.05.08 06:34:13.893,1.02107,1.02125,1.53,1.50
2014.05.08 06:34:36.593,1.02108,1.02123,1.28,1.00
2014.05.08 06:34:36.644,1.02108,1.02123,1.28,1.00
2014.05.08 06:34:36.997,1.02106,1.02125,2.70,1.50
2014.05.08 06:34:37.102,1.02106,1.02127,2.70,1.00
2014.05.08 06:34:37.432,1.02106,1.02125,2.70,1.50
2014.05.08 06:34:38.792,1.02106,1.02123,3.45,1.00
2014.05.08 06:34:39.342,1.02105,1.02122,3.45,1.50
2014.05.08 06:34:39.412,1.02105,1.02127,3.45,1.15
2014.05.08 06:34:39.462,1.02107,1.02127,2.70,1.00
2014.05.08 06:34:39.960,1.02107,1.02125,3.45,1.50
2014.05.08 06:34:41.632,1.02107,1.02122,1.28,1.50
2014.05.08 06:34:41.942,1.02105,1.0212,3.45,1.50
2014.05.08 06:34:56.904,1.02103,1.0212,5.63,1.50
2014.05.08 06:35:04.888,1.02101,1.0212,1.28,1.50
2014.05.08 06:35:04.998,1.02099,1.0212,1.15,1.58
2014.05.08 06:35:05.199,1.02098,1.0212,3.45,2.33
2014.05.08 06:35:05.726,1.02098,1.0212,3.45,2.25
2014.05.08 06:35:11.496,1.02101,1.0212,1.28,1.50
2014.05.08 06:35:31.597,1.02101,1.0212,1.28,1.50
2014.05.08 06:35:33.272,1.02101,1.0212,1.28,1.50
2014.05.08 06:35:33.575,1.02099,1.02116,1.18,1.88
2014.05.08 06:35:33.726,1.02092,1.02116,1.53,2.78
2014.05.08 06:35:53.143,1.02091,1.02114,2.70,1.28
2014.05.08 06:35:53.194,1.0209,1.02114,1.53,1.28
2014.05.08 06:36:02.453,1.02092,1.02113,2.70,1.18
2014.05.08 06:36:02.829,1.02094,1.02116,2.33,1.65
2014.05.08 06:36:20.395,1.02093,1.02116,1.28,1.65
2014.05.08 06:36:20.874,1.02092,1.02112,1.53,1.50
2014.05.08 06:36:21.218,1.02092,1.02109,1.15,1.50
2014.05.08 06:36:21.944,1.02089,1.02109,3.45,1.58
2014.05.08 06:36:21.995,1.02089,1.02109,1.53,1.58
2014.05.08 06:36:24.978,1.02089,1.02109,1.53,1.58
2014.05.08 06:36:25.411,1.02089,1.02112,1.55,2.03
2014.05.08 06:36:25.871,1.02091,1.02112,1.53,1.65
2014.05.08 06:36:26.072,1.02093,1.02115,1.55,1.15
2014.05.08 06:36:26.492,1.02093,1.02115,3.45,1.08
2014.05.08 06:36:29.371,1.02093,1.02111,3.45,1.50
2014.05.08 06:36:29.421,1.02093,1.02111,1.15,1.50
2014.05.08 06:36:29.522,1.02093,1.02111,1.20,1.65
2014.05.08 06:36:29.957,1.0209,1.02109,1.20,1.65
2014.05.08 06:36:31.192,1.0209,1.02109,1.28,1.58
2014.05.08 06:36:31.344,1.0209,1.02109,3.45,1.50
2014.05.08 06:36:31.782,1.02093,1.02115,2.70,1.18
2014.05.08 06:36:39.211,1.02093,1.02112,2.33,1.50
2014.05.08 06:36:39.262,1.02091,1.02112,1.53,1.50
2014.05.08 06:36:40.160,1.02091,1.02112,1.53,1.65
2014.05.08 06:36:41.320,1.02091,1.02112,1.53,2.25
2014.05.08 06:36:41.522,1.02086,1.02107,1.15,2.03
2014.05.08 06:36:41.630,1.02084,1.02101,1.53,1.50
2014.05.08 06:36:41.781,1.02084,1.02101,1.18,1.50
2014.05.08 06:36:43.141,1.02084,1.02104,1.18,1.65
2014.05.08 06:36:43.293,1.02085,1.02104,1.28,1.50
2014.05.08 06:36:48.851,1.02085,1.021,1.28,1.50
2014.05.08 06:36:49.002,1.02085,1.021,1.18,1.50
2014.05.08 06:36:54.132,1.02082,1.02105,1.53,1.65
2014.05.08 06:36:54.333,1.02083,1.02105,2.70,1.58
2014.05.08 06:36:54.836,1.02085,1.02105,1.53,1.50
2014.05.08 06:37:05.865,1.02085,1.02105,1.53,1.58
2014.05.08 06:37:06.571,1.02085,1.02105,1.53,1.65
2014.05.08 06:37:10.681,1.02085,1.02098,1.15,1.50
2014.05.08 06:37:10.782,1.02082,1.02098,1.28,1.50
2014.05.08 06:37:11.412,1.02082,1.02098,4.20,1.50
2014.05.08 06:37:11.615,1.02082,1.02098,1.28,1.50
2014.05.08 06:37:11.666,1.02082,1.02104,1.28,1.65
2014.05.08 06:37:21.931,1.02083,1.02104,2.70,1.20
2014.05.08 06:37:21.982,1.02084,1.02104,2.70,1.13
2014.05.08 06:37:22.133,1.02084,1.02098,2.70,1.50
2014.05.08 06:37:22.675,1.02083,1.02102,2.25,2.25
2014.05.08 06:37:22.726,1.02081,1.02102,1.50,2.33
2014.05.08 06:37:22.871,1.02081,1.02103,1.65,1.28
2014.05.08 06:37:23.185,1.02082,1.02104,1.53,2.40
2014.05.08 06:37:27.139,1.02084,1.02104,1.08,1.65
2014.05.08 06:37:28.149,1.02084,1.02104,1.15,1.65
2014.05.08 06:37:42.014,1.02085,1.02104,1.18,1.65
2014.05.08 06:37:43.173,1.02085,1.02104,1.15,1.58
2014.05.08 06:37:49.274,1.02084,1.02104,1.15,1.58
2014.05.08 06:37:49.426,1.02084,1.02104,1.15,2.03
2014.05.08 06:38:00.352,1.02086,1.02104,1.18,1.50
2014.05.08 06:38:11.341,1.02087,1.02104,1.08,1.50
2014.05.08 06:38:11.391,1.02087,1.02109,1.15,2.78
2014.05.08 06:38:11.583,1.02087,1.02109,3.08,2.78
2014.05.08 06:38:11.957,1.02085,1.02104,1.15,1.50
2014.05.08 06:38:15.032,1.02085,1.02104,1.15,1.58
2014.05.08 06:38:23.599,1.02085,1.02104,1.53,1.58
2014.05.08 06:38:24.247,1.02086,1.02105,2.70,1.50
2014.05.08 06:38:32.640,1.02086,1.02104,2.70,1.50
2014.05.08 06:38:32.741,1.02085,1.02104,1.53,1.50
2014.05.08 06:38:32.964,1.02085,1.02104,1.53,1.50
2014.05.08 06:38:35.940,1.02083,1.02101,1.28,1.50
2014.05.08 06:38:36.041,1.02083,1.02101,1.28,1.50
2014.05.08 06:38:36.384,1.02083,1.02099,1.28,1.50
2014.05.08 06:38:36.932,1.02083,1.021,1.28,1.50
2014.05.08 06:38:40.233,1.02083,1.021,1.28,1.50
2014.05.08 06:38:40.339,1.02083,1.02103,1.28,2.25
2014.05.08 06:38:47.095,1.02083,1.02103,1.53,1.58
2014.05.08 06:38:47.146,1.02082,1.02103,1.53,1.65
2014.05.08 06:38:47.197,1.02082,1.02101,1.53,1.58
2014.05.08 06:38:47.774,1.02082,1.02101,1.28,1.50
2014.05.08 06:38:48.080,1.02087,1.02103,1.00,1.65
2014.05.08 06:38:48.619,1.02087,1.02103,1.10,1.50
2014.05.08 06:38:49.939,1.02087,1.02103,1.00,1.58
2014.05.08 06:38:50.371,1.02083,1.02106,1.53,1.65
2014.05.08 06:38:50.422,1.02084,1.02106,2.70,1.58
2014.05.08 06:39:02.000,1.02087,1.02106,2.03,1.50
2014.05.08 06:39:02.051,1.02087,1.02108,2.03,1.58
2014.05.08 06:39:02.372,1.02087,1.02105,1.53,1.50
2014.05.08 06:39:02.669,1.02087,1.02107,2.03,1.50
2014.05.08 06:39:05.588,1.02087,1.02103,1.53,1.50
2014.05.08 06:39:05.689,1.02086,1.02103,1.28,1.50
2014.05.08 06:39:05.740,1.02086,1.02103,1.08,1.58
2014.05.08 06:39:05.841,1.02084,1.02103,1.18,1.65
2014.05.08 06:39:07.600,1.02086,1.02103,1.00,1.65
2014.05.08 06:39:07.751,1.02086,1.02104,1.10,1.10
2014.05.08 06:39:10.588,1.02087,1.02105,1.00,2.03
2014.05.08 06:39:11.120,1.02084,1.02107,1.65,2.63
2014.05.08 06:39:11.221,1.02083,1.02102,1.28,1.65
2014.05.08 06:39:11.524,1.02079,1.02097,1.18,1.50
2014.05.08 06:39:26.569,1.02078,1.02094,1.15,1.00
2014.05.08 06:39:26.821,1.02075,1.02091,1.18,1.50
2014.05.08 06:39:28.088,1.02075,1.02094,1.18,2.33
2014.05.08 06:39:28.430,1.02075,1.02096,1.15,1.65
2014.05.08 06:39:28.735,1.02079,1.02098,2.40,1.15
2014.05.08 06:39:28.987,1.02079,1.02096,1.10,1.50
2014.05.08 06:39:30.639,1.02076,1.02091,1.08,1.50
2014.05.08 06:39:30.690,1.02076,1.02091,1.08,1.50
2014.05.08 06:39:31.220,1.02076,1.02091,1.00,1.58
2014.05.08 06:39:32.739,1.02076,1.02096,1.08,2.70
2014.05.08 06:39:32.790,1.02076,1.02097,1.15,2.03
2014.05.08 06:39:35.028,1.02076,1.02093,1.15,1.00
2014.05.08 06:39:35.129,1.02076,1.02093,1.18,1.00
2014.05.08 06:39:35.408,1.02076,1.02091,1.10,1.50
2014.05.08 06:39:43.166,1.02076,1.02093,1.58,1.65
2014.05.08 06:39:44.252,1.02076,1.02095,1.65,1.65
2014.05.08 06:39:58.127,1.02075,1.02088,1.15,1.00
2014.05.08 06:39:58.358,1.02075,1.02097,1.15,2.03
2014.05.08 06:39:58.459,1.02075,1.02097,1.53,1.65
2014.05.08 06:39:58.511,1.02075,1.02097,1.53,1.65
2014.05.08 06:39:58.631,1.02075,1.02097,3.45,1.65
2014.05.08 06:40:14.009,1.02076,1.02098,1.28,5.33
2014.05.08 06:40:35.425,1.02075,1.02098,2.40,7.13
2014.05.08 06:40:35.749,1.02073,1.02093,1.10,3.45
2014.05.08 06:40:36.395,1.02072,1.02093,1.00,6.38
2014.05.08 06:40:38.333,1.02072,1.02093,1.15,2.03
2014.05.08 06:40:38.542,1.02074,1.02093,1.65,1.65
2014.05.08 06:40:40.971,1.02074,1.02093,2.03,1.00
2014.05.08 06:40:41.531,1.02074,1.02093,1.65,1.08
2014.05.08 06:40:41.812,1.02077,1.02094,1.20,1.28
2014.05.08 06:40:42.643,1.02074,1.02093,2.03,1.00
2014.05.08 06:40:42.927,1.02081,1.02094,1.00,1.20
2014.05.08 06:40:43.028,1.02082,1.02102,1.65,1.15
2014.05.08 06:40:43.330,1.02082,1.02103,1.65,1.18
2014.05.08 06:40:43.724,1.02082,1.02103,1.65,1.15
2014.05.08 06:40:49.769,1.02082,1.02103,1.65,1.15
2014.05.08 06:40:54.361,1.02081,1.02102,1.08,2.70
2014.05.08 06:40:54.867,1.02079,1.02098,1.15,1.13
2014.05.08 06:40:55.170,1.02078,1.02092,1.00,2.03
2014.05.08 06:40:55.220,1.02071,1.02092,1.15,2.03
2014.05.08 06:40:57.252,1.02071,1.02093,1.53,3.08
2014.05.08 06:40:57.303,1.02076,1.02093,1.00,3.00
2014.05.08 06:40:57.403,1.02076,1.02098,1.10,3.45
2014.05.08 06:40:57.504,1.02076,1.02098,1.28,1.15
2014.05.08 06:40:57.903,1.02077,1.02097,2.33,1.58
2014.05.08 06:41:00.447,1.02076,1.02097,1.28,1.58
2014.05.08 06:41:00.818,1.02076,1.02097,1.15,1.95
2014.05.08 06:41:00.970,1.02076,1.02097,1.10,4.20
2014.05.08 06:41:06.169,1.02073,1.02091,1.53,1.50
2014.05.08 06:41:06.522,1.02073,1.02094,2.70,1.08
2014.05.08 06:41:08.098,1.02077,1.02096,1.15,1.10
2014.05.08 06:41:09.708,1.02077,1.02097,2.03,1.58
2014.05.08 06:41:10.061,1.02078,1.02098,1.08,1.65
2014.05.08 06:41:12.158,1.02081,1.021,1.00,3.45
2014.05.08 06:41:12.388,1.02078,1.02097,1.08,1.65
2014.05.08 06:41:12.640,1.02078,1.02098,1.00,3.08
2014.05.08 06:41:12.959,1.02077,1.02098,1.15,1.15
2014.05.08 06:41:23.262,1.02074,1.02096,1.73,1.65
2014.05.08 06:41:46.009,1.02074,1.02093,1.00,2.03
2014.05.08 06:41:46.110,1.02068,1.02092,3.00,4.05
2014.05.08 06:41:46.418,1.02067,1.02085,3.45,1.58
2014.05.08 06:41:46.468,1.02067,1.02085,1.28,1.58
2014.05.08 06:41:47.435,1.02067,1.02085,1.00,1.65
2014.05.08 06:41:48.994,1.02064,1.02085,1.28,1.65
2014.05.08 06:41:57.157,1.02064,1.02085,1.20,1.65
2014.05.08 06:41:57.208,1.02062,1.02083,1.65,1.65
2014.05.08 06:42:17.746,1.02061,1.02083,1.28,2.40
2014.05.08 06:42:18.763,1.02061,1.02083,1.28,2.40
2014.05.08 06:42:27.090,1.02062,1.02083,1.20,1.65
2014.05.08 06:42:27.399,1.0206,1.02083,2.78,3.83
2014.05.08 06:42:27.500,1.0206,1.02083,4.95,1.65
2014.05.08 06:42:27.550,1.0206,1.02083,4.95,1.65
2014.05.08 06:42:27.601,1.0206,1.02083,2.78,3.83
2014.05.08 06:42:35.714,1.02062,1.02083,1.15,4.20
2014.05.08 06:42:35.765,1.02062,1.02083,1.15,2.03
2014.05.08 06:42:55.768,1.02062,1.02083,1.15,1.28
2014.05.08 06:42:56.278,1.02062,1.02083,1.15,1.28
2014.05.08 06:42:58.804,1.02062,1.02083,1.15,1.28
2014.05.08 06:42:58.856,1.02062,1.02083,1.15,1.28
2014.05.08 06:43:03.015,1.0207,1.02083,1.00,1.15
2014.05.08 06:43:03.116,1.0207,1.02086,1.00,2.03
2014.05.08 06:43:03.166,1.02067,1.02085,1.00,1.28
2014.05.08 06:43:03.318,1.02067,1.02088,3.53,1.28
2014.05.08 06:43:03.734,1.02067,1.02087,1.18,1.65
2014.05.08 06:43:03.784,1.02067,1.02087,1.10,1.65
2014.05.08 06:43:04.385,1.02067,1.02087,1.08,1.65
2014.05.08 06:43:04.982,1.02067,1.02088,1.15,2.40
2014.05.08 06:43:10.606,1.02067,1.02088,1.18,2.40
2014.05.08 06:43:10.656,1.02067,1.02088,1.20,2.40
2014.05.08 06:43:19.906,1.02065,1.02084,1.28,1.18
2014.05.08 06:43:19.957,1.02063,1.02084,1.58,1.18
2014.05.08 06:43:20.008,1.02063,1.02084,1.58,1.18
2014.05.08 06:43:20.908,1.02063,1.0208,1.18,1.58
2014.05.08 06:43:21.436,1.02063,1.02082,1.10,1.65
2014.05.08 06:43:21.948,1.02063,1.02084,1.20,1.15
2014.05.08 06:43:22.864,1.02063,1.02084,1.28,1.15
2014.05.08 06:43:23.210,1.02063,1.02085,3.08,1.15
2014.05.08 06:43:23.916,1.02063,1.02083,1.15,2.03
2014.05.08 06:43:23.966,1.02063,1.02083,1.08,2.03
2014.05.08 06:43:28.070,1.02061,1.02081,1.80,2.25
2014.05.08 06:43:28.222,1.02059,1.02077,1.08,1.58
2014.05.08 06:43:28.323,1.02057,1.02077,1.08,1.58
2014.05.08 06:43:28.996,1.02058,1.02079,1.58,3.08
2014.05.08 06:43:29.198,1.02058,1.02079,1.58,3.08
2014.05.08 06:43:29.442,1.02058,1.02079,1.65,1.15
2014.05.08 06:43:34.470,1.02057,1.02079,1.28,1.18
2014.05.08 06:43:34.521,1.02057,1.02079,3.45,1.18
2014.05.08 06:43:40.248,1.02059,1.02079,2.03,1.08
2014.05.08 06:43:40.349,1.02062,1.02082,1.28,1.65
2014.05.08 06:43:47.794,1.02061,1.02079,1.15,1.00
2014.05.08 06:43:47.896,1.02061,1.02079,1.18,1.43
2014.05.08 06:43:47.947,1.02061,1.02079,1.10,1.43
2014.05.08 06:43:48.256,1.02057,1.02078,1.53,1.65
2014.05.08 06:43:48.668,1.02057,1.02073,1.53,1.00
2014.05.08 06:43:49.334,1.02057,1.02078,1.53,1.65
2014.05.08 06:43:49.426,1.02057,1.02078,1.53,1.65
2014.05.08 06:43:49.972,1.02059,1.02079,1.58,2.25
2014.05.08 06:43:50.224,1.02059,1.02079,2.03,1.10
2014.05.08 06:43:52.433,1.02061,1.02084,1.53,7.88
2014.05.08 06:43:53.166,1.0206,1.02079,1.28,1.50
2014.05.08 06:43:57.559,1.02062,1.0208,1.00,6.30
2014.05.08 06:43:57.710,1.02056,1.02073,1.10,1.10
2014.05.08 06:43:58.214,1.02052,1.02075,1.53,1.65
2014.05.08 06:43:58.345,1.02052,1.02075,3.45,1.65
2014.05.08 06:43:59.696,1.02052,1.02071,3.45,1.50
2014.05.08 06:43:59.820,1.02052,1.02071,1.28,1.65
2014.05.08 06:44:19.747,1.02051,1.02071,1.15,1.65
2014.05.08 06:44:20.488,1.02051,1.02071,1.08,1.65
2014.05.08 06:44:27.874,1.02052,1.02071,1.48,1.65
2014.05.08 06:44:27.925,1.02052,1.02072,2.03,1.65
2014.05.08 06:44:28.254,1.02051,1.0207,1.15,1.65
2014.05.08 06:44:30.905,1.02051,1.02067,1.18,1.58
2014.05.08 06:44:31.207,1.02044,1.02063,1.28,1.58
2014.05.08 06:44:31.509,1.02042,1.02059,2.93,1.50
2014.05.08 06:44:31.777,1.02044,1.02059,1.08,1.50
2014.05.08 06:44:31.878,1.02047,1.02064,1.45,1.10
2014.05.08 06:44:31.979,1.02049,1.02066,1.15,1.50
2014.05.08 06:44:32.130,1.02049,1.02063,1.15,1.00
2014.05.08 06:44:32.232,1.02049,1.02063,1.20,1.00
2014.05.08 06:44:32.433,1.02049,1.02068,1.20,1.15
2014.05.08 06:44:33.424,1.02049,1.02064,1.20,1.50
2014.05.08 06:44:34.030,1.02046,1.02064,2.03,1.58
2014.05.08 06:44:34.182,1.02044,1.02064,1.53,2.40
2014.05.08 06:44:34.729,1.02044,1.02062,1.53,1.50
2014.05.08 06:44:35.014,1.02047,1.02068,1.18,2.40
2014.05.08 06:44:35.325,1.02043,1.0206,1.55,1.50
2014.05.08 06:44:36.024,1.02043,1.0206,1.55,1.50
2014.05.08 06:44:36.347,1.02045,1.0206,1.15,1.50
2014.05.08 06:44:36.934,1.02045,1.02062,1.15,1.50
2014.05.08 06:44:37.428,1.02045,1.02067,1.28,1.65
2014.05.08 06:44:37.924,1.02047,1.02067,3.08,1.58
2014.05.08 06:44:40.996,1.02049,1.0207,3.08,1.58
2014.05.08 06:44:41.098,1.02049,1.0207,1.15,1.65
2014.05.08 06:44:41.148,1.02049,1.02062,1.15,1.50
2014.05.08 06:44:41.451,1.02046,1.02059,1.15,1.50
2014.05.08 06:44:44.960,1.02044,1.02059,1.53,1.50
2014.05.08 06:44:45.011,1.02044,1.02062,1.53,1.50
2014.05.08 06:44:45.197,1.02044,1.02062,1.53,1.50
2014.05.08 06:44:47.127,1.02044,1.02062,1.28,1.50
2014.05.08 06:44:52.683,1.02044,1.02062,1.15,1.65
2014.05.08 06:44:56.103,1.02046,1.02062,1.00,1.65
2014.05.08 06:44:56.415,1.02047,1.02067,1.38,4.50
2014.05.08 06:44:56.566,1.0205,1.02068,1.15,1.50
2014.05.08 06:44:56.667,1.02046,1.02068,4.20,1.65
2014.05.08 06:44:56.969,1.02048,1.02068,2.70,1.20
2014.05.08 06:44:57.673,1.02056,1.02072,1.00,2.03
2014.05.08 06:44:57.724,1.02056,1.02072,1.10,1.65
2014.05.08 06:44:57.775,1.02056,1.02072,1.10,1.58
2014.05.08 06:44:58.064,1.02056,1.02077,1.08,2.03
2014.05.08 06:44:58.316,1.02056,1.02076,1.10,1.65
2014.05.08 06:44:58.489,1.02056,1.02076,1.08,1.65
2014.05.08 06:44:58.798,1.02055,1.02076,1.15,1.65
2014.05.08 06:44:59.166,1.02055,1.02077,1.15,1.15
2014.05.08 06:45:00.454,1.02057,1.02079,3.45,2.03
2014.05.08 06:45:00.504,1.02057,1.02079,3.45,2.03
2014.05.08 06:45:01.327,1.02057,1.02079,1.28,2.03
2014.05.08 06:45:01.378,1.02057,1.02079,1.28,2.03
2014.05.08 06:45:01.757,1.02057,1.02079,3.45,1.95
2014.05.08 06:45:02.291,1.02057,1.02079,3.45,1.58
2014.05.08 06:45:03.175,1.02066,1.02081,1.50,1.28
2014.05.08 06:45:03.225,1.02066,1.02081,1.58,1.00
2014.05.08 06:45:03.276,1.02066,1.02086,1.58,1.15
2014.05.08 06:45:03.427,1.02065,1.02084,1.20,1.15
2014.05.08 06:45:03.629,1.02064,1.02078,1.00,1.10
2014.05.08 06:45:03.730,1.02059,1.02078,3.15,1.15
2014.05.08 06:45:03.881,1.02059,1.02078,1.50,1.15
2014.05.08 06:45:04.710,1.0206,1.02078,1.58,1.08
2014.05.08 06:45:04.811,1.02062,1.02079,1.00,1.20
2014.05.08 06:45:05.353,1.0206,1.02079,2.03,1.00
2014.05.08 06:45:05.455,1.0206,1.02079,2.03,1.20
2014.05.08 06:45:05.705,1.02058,1.02079,2.03,2.25
2014.05.08 06:45:06.358,1.02066,1.02079,1.50,1.50
2014.05.08 06:45:06.459,1.02066,1.02079,1.50,1.08
2014.05.08 06:45:06.560,1.02066,1.02079,1.50,1.00
2014.05.08 06:45:06.812,1.02061,1.02079,1.15,1.10
2014.05.08 06:45:08.124,1.02066,1.02083,1.50,1.53
2014.05.08 06:45:08.326,1.02066,1.02083,1.58,1.08
2014.05.08 06:45:08.528,1.02062,1.02083,1.28,3.15
2014.05.08 06:45:08.629,1.02062,1.02083,1.28,3.15
2014.05.08 06:45:08.730,1.02062,1.02083,1.28,5.33
2014.05.08 06:45:09.884,1.02065,1.02083,1.50,3.08
2014.05.08 06:45:10.035,1.02065,1.02085,1.88,1.15
2014.05.08 06:45:10.086,1.02065,1.02085,1.95,1.15
2014.05.08 06:45:10.137,1.02065,1.02085,2.03,1.15
2014.05.08 06:45:10.489,1.02066,1.02089,2.03,1.15
2014.05.08 06:45:11.155,1.02066,1.02089,2.03,1.15
2014.05.08 06:45:11.256,1.02066,1.02089,2.03,1.15
2014.05.08 06:45:12.737,1.0207,1.02092,1.65,1.28
2014.05.08 06:45:14.614,1.0207,1.02093,2.40,1.53
2014.05.08 06:45:14.917,1.0207,1.02079,2.10,1.08
2014.05.08 06:45:15.068,1.02064,1.02078,1.00,2.33
2014.05.08 06:45:15.119,1.02056,1.02078,3.68,2.33
2014.05.08 06:45:15.320,1.02056,1.02073,1.00,1.15
2014.05.08 06:45:15.421,1.0205,1.02073,2.03,1.65
2014.05.08 06:45:15.624,1.02048,1.02072,2.78,2.33
2014.05.08 06:45:16.136,1.02048,1.02071,2.03,2.33
2014.05.08 06:45:16.698,1.0205,1.02069,1.20,1.15
2014.05.08 06:45:30.945,1.0205,1.02071,1.95,2.33
2014.05.08 06:45:31.096,1.02053,1.02075,1.28,1.15
2014.05.08 06:45:31.197,1.02053,1.02074,1.18,1.28
2014.05.08 06:45:31.300,1.02053,1.02074,1.10,1.28
2014.05.08 06:45:33.621,1.0205,1.02075,3.45,1.15
2014.05.08 06:45:36.309,1.02052,1.02076,1.48,3.08
2014.05.08 06:45:38.788,1.02052,1.02076,1.10,3.45
2014.05.08 06:45:38.889,1.0206,1.02076,1.50,3.45
2014.05.08 06:45:39.041,1.0206,1.02076,1.50,1.53
2014.05.08 06:45:39.142,1.02058,1.02076,1.50,1.48
2014.05.08 06:45:40.854,1.0206,1.02076,1.50,1.48
2014.05.08 06:45:40.904,1.0206,1.02076,1.50,1.10
2014.05.08 06:45:41.213,1.02058,1.02075,1.50,1.38
2014.05.08 06:45:42.614,1.0206,1.02075,1.50,1.38
2014.05.08 06:45:43.176,1.02058,1.02078,1.50,1.53
2014.05.08 06:45:43.278,1.02058,1.02076,1.50,2.70
2014.05.08 06:45:44.853,1.0206,1.02076,1.50,3.45
2014.05.08 06:45:45.004,1.0206,1.02078,1.50,6.38
2014.05.08 06:45:46.637,1.0206,1.02077,1.50,2.70
2014.05.08 06:45:47.440,1.0206,1.02076,1.50,2.70
2014.05.08 06:45:48.482,1.02057,1.02076,1.50,2.70
2014.05.08 06:45:49.723,1.02051,1.02074,3.45,3.45
2014.05.08 06:45:49.824,1.02052,1.02075,1.15,6.23
2014.05.08 06:45:50.126,1.02057,1.02078,1.58,1.88
2014.05.08 06:45:51.160,1.02057,1.02076,1.58,1.28
2014.05.08 06:46:28.436,1.02057,1.02075,1.50,2.33
2014.05.08 06:46:32.140,1.02057,1.02077,1.50,2.70
2014.05.08 06:46:34.812,1.02061,1.02077,1.00,2.33
2014.05.08 06:46:35.065,1.02063,1.02079,1.50,1.53
2014.05.08 06:46:35.362,1.02067,1.02079,1.00,1.53
2014.05.08 06:46:42.134,1.02069,1.02084,1.50,2.70
2014.05.08 06:46:42.235,1.02069,1.02086,1.50,2.33
2014.05.08 06:46:42.336,1.02069,1.02087,1.58,1.15
2014.05.08 06:46:42.437,1.02071,1.02091,1.08,1.18
2014.05.08 06:46:42.588,1.02071,1.02096,3.83,1.53
2014.05.08 06:46:42.689,1.02079,1.02096,1.50,2.70
2014.05.08 06:46:42.790,1.02079,1.02098,1.50,4.20
2014.05.08 06:46:42.891,1.02079,1.021,1.50,1.53
2014.05.08 06:46:43.329,1.02079,1.02095,1.50,1.20
2014.05.08 06:46:43.612,1.02079,1.021,1.50,1.53
2014.05.08 06:46:43.663,1.02079,1.02098,1.50,2.70
2014.05.08 06:46:43.815,1.02079,1.021,1.58,3.45
2014.05.08 06:46:51.341,1.0208,1.021,1.50,3.45
2014.05.08 06:46:51.692,1.02086,1.021,1.50,2.70
2014.05.08 06:46:51.894,1.02083,1.021,1.50,2.70
2014.05.08 06:46:52.125,1.02081,1.021,1.50,2.70
2014.05.08 06:46:52.902,1.0208,1.02098,1.50,1.15
2014.05.08 06:46:53.547,1.0208,1.02098,1.50,1.15
2014.05.08 06:46:58.922,1.0208,1.02096,1.50,5.25
2014.05.08 06:47:04.432,1.02077,1.02096,1.50,4.50
2014.05.08 06:47:13.635,1.02077,1.02096,1.50,1.53
2014.05.08 06:47:14.283,1.02077,1.02096,1.65,1.53
2014.05.08 06:47:14.384,1.02082,1.02096,1.50,1.53
2014.05.08 06:47:14.737,1.02077,1.02098,1.65,1.53
2014.05.08 06:47:14.950,1.02077,1.02095,1.50,1.28
2014.05.08 06:47:19.902,1.0208,1.02096,1.50,2.70
2014.05.08 06:47:19.953,1.0208,1.02097,1.50,1.28
2014.05.08 06:47:21.181,1.02082,1.02097,1.50,1.28
2014.05.08 06:47:25.676,1.02082,1.02095,1.50,2.25
2014.05.08 06:47:25.726,1.02075,1.02095,2.03,2.25
2014.05.08 06:47:25.929,1.02072,1.02092,1.88,2.33
2014.05.08 06:47:26.030,1.02072,1.0209,1.50,2.33
2014.05.08 06:47:26.131,1.0207,1.02089,1.88,1.15
2014.05.08 06:47:26.901,1.0207,1.02089,1.50,1.15
2014.05.08 06:47:27.852,1.02072,1.02089,1.00,1.15
2014.05.08 06:47:28.418,1.0207,1.02091,1.65,1.88
2014.05.08 06:47:39.289,1.02069,1.02091,1.15,4.05
2014.05.08 06:47:39.834,1.02068,1.02091,1.15,4.05
2014.05.08 06:47:57.356,1.02067,1.02087,2.40,1.13
2014.05.08 06:47:57.457,1.02067,1.02087,1.10,3.30
2014.05.08 06:47:57.860,1.02068,1.02088,1.58,1.53
2014.05.08 06:47:59.211,1.02067,1.02086,1.08,1.13
2014.05.08 06:47:59.261,1.02067,1.02086,1.10,1.13
2014.05.08 06:47:59.564,1.02067,1.02089,2.40,1.28
2014.05.08 06:48:03.384,1.02067,1.02089,2.40,1.65
2014.05.08 06:48:03.902,1.02067,1.02088,1.10,2.70
2014.05.08 06:48:06.377,1.02065,1.02086,2.33,1.53
2014.05.08 06:48:06.429,1.02065,1.02085,2.33,2.70
2014.05.08 06:48:06.530,1.02065,1.02086,1.65,1.53
2014.05.08 06:48:06.976,1.02068,1.02087,1.50,1.53
2014.05.08 06:48:07.494,1.02068,1.02087,1.65,1.53
2014.05.08 06:48:09.521,1.02068,1.02085,1.65,1.13
2014.05.08 06:48:09.682,1.02065,1.02084,1.18,1.43
2014.05.08 06:48:09.901,1.02068,1.02087,1.50,1.53
2014.05.08 06:48:10.549,1.02068,1.02088,1.58,1.13
2014.05.08 06:48:16.369,1.02068,1.02087,1.58,1.53
2014.05.08 06:48:17.024,1.02068,1.02087,1.50,1.53
2014.05.08 06:48:18.465,1.02072,1.02089,1.50,4.20
2014.05.08 06:48:18.975,1.02072,1.02089,1.50,2.03
2014.05.08 06:48:19.830,1.02072,1.02089,1.50,2.03
2014.05.08 06:48:19.931,1.02067,1.02088,1.65,1.28
2014.05.08 06:48:20.132,1.02072,1.02088,1.50,1.28
2014.05.08 06:48:20.946,1.02071,1.02088,1.50,1.28
2014.05.08 06:48:21.671,1.02066,1.02088,2.78,1.28
2014.05.08 06:48:22.205,1.02071,1.02089,1.50,2.03
2014.05.08 06:48:23.431,1.02066,1.02088,2.40,1.58
2014.05.08 06:48:23.941,1.02071,1.02089,1.50,2.03
2014.05.08 06:48:24.243,1.02065,1.02083,1.65,1.00
2014.05.08 06:48:24.749,1.02066,1.02088,2.40,3.45
2014.05.08 06:48:25.507,1.02063,1.02083,1.15,1.08
2014.05.08 06:48:27.882,1.02063,1.02083,3.83,1.00
2014.05.08 06:48:28.221,1.02073,1.02089,1.50,1.53
2014.05.08 06:48:29.422,1.02068,1.02089,1.65,1.53
2014.05.08 06:48:41.861,1.02068,1.02084,1.65,1.00
2014.05.08 06:48:44.060,1.02068,1.02087,1.65,1.15
2014.05.08 06:48:45.871,1.02073,1.02087,1.50,1.15
2014.05.08 06:48:45.972,1.02073,1.02089,1.50,1.20
2014.05.08 06:48:47.371,1.02073,1.02088,1.50,1.00
2014.05.08 06:48:47.472,1.02067,1.02088,1.65,1.13
2014.05.08 06:48:47.522,1.02067,1.02088,1.65,1.28
2014.05.08 06:49:00.800,1.02067,1.02087,2.25,1.53
2014.05.08 06:49:01.102,1.0208,1.02089,1.50,2.33
2014.05.08 06:49:01.240,1.02074,1.02093,1.65,1.50
2014.05.08 06:49:01.588,1.02074,1.02093,1.65,1.20
2014.05.08 06:49:01.753,1.02074,1.02093,1.53,1.20
2014.05.08 06:49:01.954,1.02075,1.02098,2.70,1.10
2014.05.08 06:49:02.058,1.02075,1.02099,4.95,2.78
2014.05.08 06:49:02.595,1.02075,1.02099,1.15,3.53
2014.05.08 06:49:03.301,1.02075,1.02093,1.15,1.00
2014.05.08 06:49:03.452,1.02075,1.02093,1.15,1.08
2014.05.08 06:49:03.654,1.02072,1.02093,1.65,1.15
2014.05.08 06:49:03.757,1.02072,1.02092,1.58,1.65
2014.05.08 06:49:04.171,1.02069,1.02088,1.25,1.00
2014.05.08 06:49:04.423,1.02072,1.0209,1.58,1.53
2014.05.08 06:49:04.951,1.02071,1.02093,1.15,2.63
2014.05.08 06:49:05.167,1.02069,1.02088,1.28,1.10
2014.05.08 06:49:07.301,1.02068,1.02088,1.28,1.18
2014.05.08 06:49:07.414,1.02067,1.02089,1.55,1.28
2014.05.08 06:49:09.599,1.02064,1.02088,1.15,4.20
2014.05.08 06:49:19.407,1.02064,1.02087,1.15,2.70
2014.05.08 06:49:21.151,1.02064,1.02087,1.15,4.88
2014.05.08 06:49:29.052,1.02067,1.02087,1.00,5.63
2014.05.08 06:49:29.222,1.02067,1.02087,1.18,1.28
2014.05.08 06:49:29.869,1.02067,1.02089,1.18,2.78
2014.05.08 06:49:29.970,1.02068,1.0209,1.15,1.53
2014.05.08 06:49:30.071,1.02072,1.0209,1.00,1.15
2014.05.08 06:49:30.582,1.0207,1.02094,1.53,4.95
2014.05.08 06:49:30.884,1.02072,1.02091,1.10,1.15
2014.05.08 06:49:32.150,1.02067,1.02091,1.28,2.03
2014.05.08 06:49:32.251,1.02067,1.0209,1.28,4.50
2014.05.08 06:49:35.990,1.02066,1.02088,2.03,1.28
2014.05.08 06:49:36.040,1.02066,1.02088,2.03,1.28
2014.05.08 06:49:36.091,1.02071,1.02088,1.00,1.18
2014.05.08 06:49:36.669,1.02076,1.0209,1.00,2.78
2014.05.08 06:49:36.890,1.02071,1.02088,1.00,1.65
2014.05.08 06:49:37.070,1.02076,1.02088,1.00,1.65
2014.05.08 06:49:39.050,1.02072,1.0209,1.00,2.78
2014.05.08 06:49:39.302,1.02072,1.02088,1.00,1.65
2014.05.08 06:50:00.720,1.02072,1.02086,1.00,1.58
2014.05.08 06:50:07.671,1.02076,1.02086,1.00,1.58
2014.05.08 06:50:07.772,1.02076,1.02091,1.00,2.03
2014.05.08 06:50:08.396,1.02076,1.02091,1.00,2.03
2014.05.08 06:50:09.160,1.02071,1.02091,1.18,2.03
2014.05.08 06:50:09.211,1.02071,1.02086,1.18,1.50
2014.05.08 06:50:13.077,1.02071,1.02086,1.10,1.58
2014.05.08 06:50:29.459,1.02071,1.02085,1.00,1.50
2014.05.08 06:50:30.169,1.02066,1.02085,2.03,1.50
2014.05.08 06:50:35.375,1.02066,1.02085,1.65,1.65
2014.05.08 06:50:38.957,1.02066,1.02089,4.20,2.78
2014.05.08 06:50:39.259,1.02077,1.02093,1.00,2.03
2014.05.08 06:50:39.310,1.02077,1.02093,1.00,2.03
2014.05.08 06:50:39.411,1.02077,1.02095,1.43,1.65
2014.05.08 06:50:39.727,1.02077,1.02098,1.88,1.65
2014.05.08 06:50:40.698,1.02076,1.02094,1.15,1.50
2014.05.08 06:50:41.001,1.02073,1.02091,3.68,1.50
2014.05.08 06:50:41.051,1.02073,1.02091,1.50,1.50
2014.05.08 06:50:41.152,1.02073,1.02094,1.50,1.65
2014.05.08 06:50:41.253,1.02074,1.02094,2.33,1.58
2014.05.08 06:50:42.687,1.02074,1.0209,2.33,1.50
2014.05.08 06:50:43.429,1.02074,1.02089,2.33,1.50
2014.05.08 06:50:43.530,1.02071,1.02089,2.70,1.50
2014.05.08 06:50:43.681,1.02072,1.02091,2.03,1.65
2014.05.08 06:50:43.734,1.02072,1.02091,2.03,1.58
2014.05.08 06:50:43.784,1.02072,1.02091,4.20,1.50
2014.05.08 06:50:45.231,1.02072,1.02088,3.45,1.50
2014.05.08 06:50:45.282,1.02072,1.02088,1.15,1.50
2014.05.08 06:50:45.832,1.02071,1.02088,1.15,1.50
2014.05.08 06:50:47.408,1.02071,1.02084,1.15,1.50
2014.05.08 06:50:50.241,1.02067,1.02084,1.15,1.50
2014.05.08 06:50:55.151,1.02067,1.02084,1.15,1.50
2014.05.08 06:50:55.201,1.02067,1.02084,1.15,1.50
2014.05.08 06:50:55.685,1.02072,1.02089,1.00,1.65
2014.05.08 06:50:55.736,1.02072,1.02089,1.18,1.58
2014.05.08 06:50:57.220,1.02069,1.02084,2.33,1.50
2014.05.08 06:50:57.271,1.02068,1.02084,1.28,1.50
2014.05.08 06:50:58.980,1.02071,1.02088,1.10,1.65
2014.05.08 06:50:59.081,1.02071,1.02088,1.15,1.50
2014.05.08 06:51:02.620,1.02071,1.02088,3.08,1.50
2014.05.08 06:51:02.721,1.02071,1.0209,3.08,1.50
2014.05.08 06:51:03.224,1.02075,1.0209,1.15,1.50
2014.05.08 06:51:04.109,1.02075,1.02089,1.15,1.50
2014.05.08 06:51:08.340,1.02077,1.02095,1.20,1.65
2014.05.08 06:51:10.101,1.02077,1.02087,1.20,1.50
