2014.05.22 06:00:03.331,1.01092,1.01107,1.00,1.18
2014.05.22 06:00:03.381,1.01086,1.01107,1.10,1.18
2014.05.22 06:00:07.773,1.01091,1.01105,1.00,1.65
2014.05.22 06:00:08.685,1.01092,1.01107,1.00,1.15
2014.05.22 06:00:09.277,1.01092,1.0111,1.00,3.08
2014.05.22 06:00:09.802,1.01091,1.0111,1.00,3.08
2014.05.22 06:00:10.198,1.01091,1.01108,1.00,2.33
2014.05.22 06:00:10.664,1.01091,1.01111,1.00,3.83
2014.05.22 06:00:10.765,1.01091,1.01111,1.18,1.95
2014.05.22 06:00:12.097,1.01096,1.01111,1.00,1.58
2014.05.22 06:00:12.202,1.01096,1.01114,1.00,1.53
2014.05.22 06:00:12.833,1.01092,1.01113,1.15,1.08
2014.05.22 06:00:13.442,1.01092,1.01113,1.15,1.45
2014.05.22 06:00:13.755,1.01091,1.01111,1.10,2.03
2014.05.22 06:00:14.595,1.01087,1.01108,1.65,1.15
2014.05.22 06:00:15.241,1.01087,1.01106,1.15,1.88
2014.05.22 06:00:15.693,1.01091,1.01108,1.00,2.03
2014.05.22 06:00:16.793,1.01086,1.01108,1.15,2.03
2014.05.22 06:00:17.475,1.01086,1.01107,1.15,1.20
2014.05.22 06:00:18.036,1.01087,1.01107,1.15,1.58
2014.05.22 06:00:20.596,1.01087,1.01107,1.15,1.48
2014.05.22 06:00:20.899,1.01091,1.01114,1.15,1.53
2014.05.22 06:00:20.949,1.01091,1.01114,1.15,1.15
2014.05.22 06:00:21.477,1.01091,1.01113,1.15,4.20
2014.05.22 06:00:22.595,1.01088,1.01109,2.33,1.10
2014.05.22 06:00:22.797,1.01086,1.01109,7.88,1.00
2014.05.22 06:00:23.554,1.01086,1.01109,7.13,1.08
2014.05.22 06:00:27.204,1.01091,1.0111,1.08,1.15
2014.05.22 06:00:27.355,1.01091,1.01113,1.15,1.48
2014.05.22 06:00:27.557,1.0109,1.01109,2.70,1.00
2014.05.22 06:00:28.020,1.01087,1.01109,2.03,1.18
2014.05.22 06:00:28.152,1.01087,1.01109,2.03,1.15
2014.05.22 06:00:28.303,1.01087,1.01109,2.03,1.08
2014.05.22 06:00:28.871,1.01087,1.01109,4.95,1.00
2014.05.22 06:00:30.857,1.01092,1.01112,1.10,2.78
2014.05.22 06:00:31.123,1.01092,1.01112,1.08,2.70
2014.05.22 06:00:38.104,1.0109,1.01109,3.08,1.00
2014.05.22 06:00:39.248,1.01089,1.01109,1.90,1.10
2014.05.22 06:00:39.449,1.01087,1.01109,1.53,2.78
2014.05.22 06:00:39.983,1.01087,1.01108,1.15,1.10
2014.05.22 06:00:40.313,1.01087,1.01108,1.15,1.08
2014.05.22 06:00:41.114,1.01092,1.01109,1.00,2.03
2014.05.22 06:00:41.215,1.01092,1.01112,1.00,2.03
2014.05.22 06:00:42.292,1.01092,1.01112,1.18,1.58
2014.05.22 06:00:47.093,1.01094,1.01118,3.08,1.55
2014.05.22 06:00:47.291,1.01095,1.01118,6.38,1.00
2014.05.22 06:00:47.543,1.01098,1.01118,4.95,1.00
2014.05.22 06:00:48.157,1.011,1.01119,4.88,1.00
2014.05.22 06:00:48.207,1.01098,1.01119,5.25,1.00
2014.05.22 06:00:48.723,1.01101,1.01119,2.33,1.00
2014.05.22 06:00:49.086,1.01099,1.01118,3.08,1.00
2014.05.22 06:00:49.828,1.01101,1.01123,1.15,1.53
2014.05.22 06:00:50.032,1.01101,1.01124,3.08,1.28
2014.05.22 06:00:50.474,1.01101,1.01124,1.15,1.28
2014.05.22 06:00:50.573,1.011,1.01119,2.10,1.00
2014.05.22 06:00:51.563,1.011,1.01118,1.28,1.00
2014.05.22 06:00:52.508,1.01101,1.01118,1.15,1.00
2014.05.22 06:00:54.963,1.01101,1.01118,2.70,1.00
2014.05.22 06:00:55.897,1.01101,1.01124,5.63,2.25
2014.05.22 06:01:00.258,1.01102,1.01124,1.53,2.40
2014.05.22 06:01:00.583,1.01102,1.01118,1.53,1.00
2014.05.22 06:01:01.022,1.01098,1.01119,2.33,1.00
2014.05.22 06:01:01.123,1.01097,1.01119,2.40,1.10
2014.05.22 06:01:01.329,1.01101,1.01123,3.83,1.10
2014.05.22 06:01:01.653,1.01101,1.01119,2.33,1.00
2014.05.22 06:01:01.772,1.01097,1.01119,2.03,1.10
2014.05.22 06:01:02.226,1.01099,1.01119,1.28,1.00
2014.05.22 06:01:06.765,1.01099,1.01119,1.28,1.18
2014.05.22 06:01:06.867,1.01099,1.01119,1.28,1.00
2014.05.22 06:01:08.062,1.01098,1.01118,1.53,1.00
2014.05.22 06:01:09.443,1.01099,1.01118,2.70,1.00
2014.05.22 06:01:09.716,1.01098,1.01118,2.03,1.00
2014.05.22 06:01:14.041,1.01098,1.01118,1.08,1.18
2014.05.22 06:01:14.197,1.01097,1.01118,1.38,1.15
2014.05.22 06:01:14.303,1.01097,1.01118,1.55,1.18
2014.05.22 06:01:14.404,1.01097,1.01118,1.53,2.25
2014.05.22 06:01:20.591,1.01099,1.01118,2.03,1.00
2014.05.22 06:01:20.692,1.01101,1.01123,1.15,1.15
2014.05.22 06:01:24.822,1.01099,1.01118,2.40,1.00
2014.05.22 06:01:28.348,1.01099,1.01118,4.58,1.00
2014.05.22 06:01:28.931,1.01099,1.01117,2.70,1.50
2014.05.22 06:01:29.082,1.01096,1.01117,5.63,1.50
2014.05.22 06:01:30.542,1.01097,1.01114,1.53,1.00
2014.05.22 06:01:31.092,1.01097,1.01117,1.53,1.50
2014.05.22 06:01:32.460,1.01097,1.01117,1.13,1.58
2014.05.22 06:01:32.561,1.01096,1.01117,1.28,1.58
2014.05.22 06:01:32.611,1.01096,1.01117,1.28,1.58
2014.05.22 06:01:33.168,1.01097,1.01117,1.18,1.65
2014.05.22 06:01:33.566,1.01097,1.01117,1.28,1.50
2014.05.22 06:01:37.591,1.01097,1.01117,1.13,1.65
2014.05.22 06:01:37.937,1.01097,1.01117,1.28,1.58
2014.05.22 06:01:38.147,1.01092,1.01112,1.65,1.58
2014.05.22 06:01:38.248,1.01092,1.01112,1.95,1.65
2014.05.22 06:01:39.452,1.01092,1.01112,1.28,1.65
2014.05.22 06:01:45.435,1.01092,1.01112,1.28,1.50
2014.05.22 06:01:45.699,1.01097,1.01117,1.20,2.40
2014.05.22 06:01:45.951,1.01096,1.01113,1.15,1.50
2014.05.22 06:01:46.511,1.01097,1.01116,1.00,1.65
2014.05.22 06:01:48.601,1.01096,1.01116,1.10,2.40
2014.05.22 06:01:48.834,1.01096,1.01118,2.78,1.58
2014.05.22 06:01:49.610,1.01097,1.01119,2.70,1.58
2014.05.22 06:01:52.341,1.01101,1.01121,1.00,1.65
2014.05.22 06:01:53.113,1.01101,1.01121,1.10,1.65
2014.05.22 06:01:56.281,1.01102,1.01121,1.00,1.65
2014.05.22 06:01:59.705,1.01102,1.01121,1.00,2.03
2014.05.22 06:02:00.105,1.01102,1.01118,1.00,2.18
2014.05.22 06:02:02.925,1.01097,1.01115,1.10,1.95
2014.05.22 06:02:03.026,1.01097,1.01115,1.00,2.78
2014.05.22 06:02:03.874,1.01101,1.01115,1.00,2.78
2014.05.22 06:02:07.752,1.01101,1.01115,1.00,1.00
2014.05.22 06:02:10.582,1.01102,1.01115,1.00,1.00
2014.05.22 06:02:11.043,1.01102,1.01118,1.00,1.10
2014.05.22 06:02:11.097,1.01102,1.01123,1.08,3.83
2014.05.22 06:02:11.462,1.01102,1.01123,1.15,2.40
2014.05.22 06:02:12.136,1.01102,1.01123,1.15,1.65
2014.05.22 06:02:12.236,1.01102,1.01121,1.08,1.65
2014.05.22 06:02:16.121,1.01101,1.01113,1.18,1.50
2014.05.22 06:02:16.451,1.01101,1.01117,1.18,1.50
2014.05.22 06:02:16.678,1.01107,1.01122,1.00,2.03
2014.05.22 06:02:16.880,1.01107,1.01122,1.00,1.58
2014.05.22 06:02:20.591,1.01111,1.01124,1.00,1.65
2014.05.22 06:02:21.811,1.01107,1.01124,1.00,1.65
2014.05.22 06:02:27.633,1.01112,1.01124,1.00,1.65
2014.05.22 06:02:33.791,1.01107,1.01124,1.00,1.65
2014.05.22 06:02:37.421,1.01106,1.01124,1.10,1.65
2014.05.22 06:02:52.392,1.01111,1.01127,1.00,3.45
2014.05.22 06:02:52.442,1.01111,1.01127,1.00,1.15
2014.05.22 06:02:52.644,1.01106,1.01126,1.08,2.70
2014.05.22 06:02:52.694,1.01106,1.01122,1.00,1.65
2014.05.22 06:02:52.846,1.01111,1.01122,1.00,1.65
2014.05.22 06:02:52.997,1.01111,1.01127,1.00,2.03
2014.05.22 06:02:53.212,1.01112,1.01129,1.00,1.15
2014.05.22 06:02:53.313,1.01112,1.01132,1.00,1.15
2014.05.22 06:02:57.733,1.01112,1.01129,1.00,1.28
2014.05.22 06:02:57.783,1.01112,1.01129,1.00,1.28
2014.05.22 06:02:57.880,1.01106,1.01129,1.18,2.03
2014.05.22 06:02:58.876,1.01112,1.01128,1.00,2.40
2014.05.22 06:02:59.128,1.01107,1.01128,1.08,1.65
2014.05.22 06:02:59.179,1.01107,1.01128,1.00,3.83
2014.05.22 06:03:00.805,1.01107,1.01126,1.00,2.70
2014.05.22 06:03:01.354,1.01107,1.01127,1.00,2.70
2014.05.22 06:03:01.405,1.01107,1.01128,1.00,3.53
2014.05.22 06:03:02.004,1.01106,1.01128,1.00,2.78
2014.05.22 06:03:02.054,1.01106,1.01127,1.00,4.88
2014.05.22 06:03:06.375,1.01103,1.01123,1.65,1.28
2014.05.22 06:03:06.528,1.01103,1.01123,1.58,6.08
2014.05.22 06:03:06.831,1.01109,1.01123,1.50,4.50
2014.05.22 06:03:06.950,1.01109,1.01125,1.50,1.28
2014.05.22 06:03:07.721,1.01106,1.01127,1.10,1.15
2014.05.22 06:03:10.559,1.01106,1.01128,1.08,3.15
2014.05.22 06:03:10.615,1.01106,1.01128,1.15,3.15
2014.05.22 06:03:11.952,1.01106,1.01128,2.40,1.28
2014.05.22 06:03:12.003,1.01106,1.01128,2.40,1.28
2014.05.22 06:03:12.751,1.01106,1.01128,6.75,1.13
2014.05.22 06:03:13.081,1.01106,1.01124,1.15,1.50
2014.05.22 06:03:14.432,1.01106,1.01119,1.08,1.50
2014.05.22 06:03:14.483,1.01106,1.01119,1.00,1.50
2014.05.22 06:03:14.634,1.01106,1.01123,1.00,2.03
2014.05.22 06:03:15.179,1.01106,1.01123,1.15,1.50
2014.05.22 06:03:15.879,1.01106,1.01123,1.15,1.50
2014.05.22 06:03:24.953,1.01106,1.01123,1.15,1.50
2014.05.22 06:03:25.369,1.01105,1.01123,2.33,1.50
2014.05.22 06:03:40.734,1.01102,1.01123,2.33,1.88
2014.05.22 06:03:42.343,1.01107,1.01123,1.08,2.63
2014.05.22 06:03:42.645,1.01107,1.01123,1.15,1.50
2014.05.22 06:03:45.242,1.01107,1.01123,1.15,1.50
2014.05.22 06:03:48.020,1.01107,1.01126,1.15,1.58
2014.05.22 06:03:48.603,1.01107,1.01126,1.15,1.50
2014.05.22 06:03:52.414,1.01107,1.01126,1.15,1.88
2014.05.22 06:03:53.218,1.01107,1.01126,1.15,1.95
2014.05.22 06:03:54.809,1.01107,1.01126,1.15,1.58
2014.05.22 06:03:56.891,1.01106,1.0112,1.15,1.50
2014.05.22 06:03:56.941,1.01106,1.0112,1.08,1.50
2014.05.22 06:03:56.992,1.01106,1.0112,1.00,1.50
2014.05.22 06:03:57.262,1.01107,1.01124,1.08,1.65
2014.05.22 06:03:57.571,1.01107,1.01125,1.18,2.40
2014.05.22 06:03:59.123,1.01106,1.01121,1.08,1.50
2014.05.22 06:03:59.174,1.01102,1.01121,1.15,1.50
2014.05.22 06:03:59.694,1.01102,1.01121,1.08,1.95
2014.05.22 06:04:01.349,1.01107,1.01121,1.00,3.83
2014.05.22 06:04:05.460,1.01112,1.01121,1.00,1.00
2014.05.22 06:04:05.510,1.01112,1.01125,1.00,1.58
2014.05.22 06:04:06.075,1.01112,1.01125,1.00,1.58
2014.05.22 06:04:07.779,1.01112,1.01126,1.00,2.40
2014.05.22 06:04:08.830,1.01106,1.01126,1.20,2.40
2014.05.22 06:04:08.881,1.01106,1.01121,1.20,1.50
2014.05.22 06:04:09.190,1.01106,1.0112,1.10,1.88
2014.05.22 06:04:09.662,1.01106,1.01124,1.10,1.18
2014.05.22 06:04:09.763,1.01106,1.01124,1.08,1.10
2014.05.22 06:04:10.509,1.01106,1.01125,1.15,1.50
2014.05.22 06:04:11.390,1.01106,1.01124,1.10,1.15
2014.05.22 06:04:11.693,1.01106,1.0112,1.00,1.50
2014.05.22 06:04:12.064,1.01107,1.01126,1.08,3.08
2014.05.22 06:04:12.666,1.01107,1.01126,1.08,2.33
2014.05.22 06:04:13.610,1.01107,1.01122,1.08,1.50
2014.05.22 06:04:13.918,1.01106,1.01122,1.10,2.70
2014.05.22 06:04:14.150,1.01107,1.01123,1.00,1.28
2014.05.22 06:04:14.402,1.01107,1.01125,1.10,2.33
2014.05.22 06:04:14.918,1.01107,1.01125,1.10,1.95
2014.05.22 06:04:16.168,1.01107,1.01123,1.10,1.00
2014.05.22 06:04:16.684,1.01107,1.01125,1.10,1.08
2014.05.22 06:04:17.879,1.01112,1.01125,1.00,1.08
2014.05.22 06:04:17.981,1.01112,1.01127,1.00,1.10
2014.05.22 06:04:18.482,1.01107,1.01127,1.65,1.10
2014.05.22 06:04:22.144,1.01107,1.01127,1.65,1.20
2014.05.22 06:04:24.885,1.01107,1.01125,1.15,1.50
2014.05.22 06:04:25.192,1.01107,1.01125,1.00,1.65
2014.05.22 06:04:26.171,1.01103,1.01123,1.65,1.10
2014.05.22 06:04:29.443,1.01103,1.01123,1.65,1.08
2014.05.22 06:04:29.920,1.01103,1.01124,1.50,4.20
2014.05.22 06:04:30.673,1.01103,1.01121,1.65,1.20
2014.05.22 06:04:33.893,1.01103,1.01124,1.50,1.65
2014.05.22 06:04:34.433,1.01099,1.01118,1.65,1.00
2014.05.22 06:04:35.849,1.01102,1.01121,1.00,1.28
2014.05.22 06:04:40.029,1.01102,1.01119,1.50,1.00
2014.05.22 06:04:40.982,1.011,1.01119,1.65,1.00
2014.05.22 06:04:41.569,1.01102,1.01123,1.00,3.15
2014.05.22 06:04:41.831,1.01103,1.01118,1.50,1.00
2014.05.22 06:04:42.449,1.01103,1.01124,1.50,1.53
2014.05.22 06:04:44.099,1.01101,1.01124,1.10,2.78
2014.05.22 06:04:44.680,1.01099,1.01119,2.03,1.00
2014.05.22 06:04:45.625,1.01099,1.01119,2.03,1.00
2014.05.22 06:04:45.776,1.01102,1.01123,4.95,1.00
2014.05.22 06:04:46.086,1.01108,1.01118,1.50,1.00
2014.05.22 06:04:46.299,1.01102,1.01123,3.45,1.00
2014.05.22 06:04:48.124,1.01105,1.01123,1.65,1.38
2014.05.22 06:04:48.224,1.01099,1.01118,1.15,1.20
2014.05.22 06:04:48.325,1.011,1.01118,1.00,1.15
2014.05.22 06:04:48.627,1.01101,1.01123,1.15,2.78
2014.05.22 06:04:48.728,1.01101,1.01123,1.15,2.40
2014.05.22 06:04:51.561,1.01101,1.01123,1.15,2.78
2014.05.22 06:04:51.611,1.011,1.01119,1.65,1.18
2014.05.22 06:04:51.721,1.01096,1.01119,2.40,1.15
2014.05.22 06:04:52.704,1.011,1.01119,1.15,1.00
2014.05.22 06:04:53.167,1.01102,1.01123,1.15,2.33
2014.05.22 06:04:53.559,1.01101,1.01119,1.15,1.00
2014.05.22 06:04:59.534,1.01104,1.01119,1.10,1.00
2014.05.22 06:05:03.008,1.01102,1.0112,1.28,1.58
2014.05.22 06:05:03.109,1.01102,1.01123,1.28,2.33
2014.05.22 06:05:03.650,1.01102,1.0112,1.28,1.50
2014.05.22 06:05:04.859,1.01102,1.01122,1.28,1.50
2014.05.22 06:05:07.952,1.01102,1.01122,1.28,1.50
2014.05.22 06:05:08.024,1.01102,1.01122,1.28,1.50
2014.05.22 06:05:09.262,1.01102,1.01121,1.15,1.50
2014.05.22 06:05:10.479,1.01102,1.01122,1.15,1.50
2014.05.22 06:05:12.307,1.01101,1.01119,4.88,1.00
2014.05.22 06:05:13.800,1.01102,1.01122,1.15,1.50
2014.05.22 06:05:14.369,1.01102,1.01119,1.15,1.00
2014.05.22 06:05:14.422,1.01102,1.01119,1.65,1.00
2014.05.22 06:05:14.473,1.01102,1.01121,2.33,1.58
2014.05.22 06:05:14.524,1.01102,1.01121,2.33,1.50
2014.05.22 06:05:14.625,1.01102,1.01122,1.08,1.65
2014.05.22 06:05:17.540,1.01106,1.01122,1.00,2.03
2014.05.22 06:05:19.658,1.01106,1.01123,1.10,1.28
2014.05.22 06:05:19.759,1.01106,1.01126,1.08,1.65
2014.05.22 06:05:19.812,1.01106,1.01126,1.15,1.65
2014.05.22 06:05:20.475,1.01106,1.01123,1.10,1.65
2014.05.22 06:05:20.777,1.01106,1.01128,1.18,1.15
2014.05.22 06:05:25.186,1.01106,1.01128,1.15,1.18
2014.05.22 06:05:25.570,1.01112,1.01128,1.00,1.18
2014.05.22 06:05:25.774,1.01111,1.0113,1.15,2.78
2014.05.22 06:05:25.825,1.01111,1.0113,1.15,1.95
2014.05.22 06:05:26.127,1.01117,1.01131,1.00,1.10
2014.05.22 06:05:29.089,1.01112,1.01131,1.18,1.10
2014.05.22 06:05:30.081,1.01116,1.01131,1.00,1.10
2014.05.22 06:05:30.300,1.01112,1.01131,1.18,1.10
2014.05.22 06:05:31.070,1.01116,1.01131,1.00,1.10
2014.05.22 06:05:45.588,1.01117,1.01132,1.50,1.08
2014.05.22 06:05:45.789,1.01117,1.01135,1.65,1.65
2014.05.22 06:05:46.259,1.01122,1.01135,1.00,1.18
2014.05.22 06:05:46.461,1.01123,1.01142,1.50,1.65
2014.05.22 06:05:46.716,1.01119,1.01137,1.58,1.10
2014.05.22 06:05:46.769,1.01119,1.01137,1.50,1.15
2014.05.22 06:05:47.106,1.01117,1.01137,1.00,3.45
2014.05.22 06:05:47.257,1.01112,1.01133,2.40,1.53
2014.05.22 06:05:47.976,1.01112,1.0113,2.25,4.50
2014.05.22 06:05:48.127,1.01112,1.01132,1.65,1.28
2014.05.22 06:05:49.109,1.01117,1.01132,1.50,1.28
2014.05.22 06:05:49.210,1.01117,1.01132,2.25,1.00
2014.05.22 06:05:49.719,1.01117,1.01135,2.25,2.03
2014.05.22 06:05:54.219,1.01112,1.01134,1.65,2.78
2014.05.22 06:05:54.320,1.01112,1.01134,1.65,2.78
2014.05.22 06:06:21.351,1.01116,1.01133,1.00,1.15
2014.05.22 06:06:21.653,1.01123,1.01134,1.50,1.08
2014.05.22 06:06:21.704,1.01116,1.01134,1.08,1.58
2014.05.22 06:06:21.754,1.01116,1.01134,1.00,2.40
2014.05.22 06:06:22.056,1.01122,1.01136,1.00,1.53
2014.05.22 06:06:22.929,1.01122,1.01136,1.00,1.53
2014.05.22 06:06:24.859,1.01116,1.01136,2.25,1.53
2014.05.22 06:06:25.010,1.01116,1.01135,1.00,2.70
2014.05.22 06:06:26.618,1.01117,1.01135,1.00,2.70
2014.05.22 06:06:34.098,1.01116,1.01135,1.00,3.08
2014.05.22 06:06:39.592,1.01116,1.01136,1.00,3.83
2014.05.22 06:06:47.890,1.01116,1.01133,1.00,2.33
2014.05.22 06:06:48.041,1.01116,1.01135,1.00,1.65
2014.05.22 06:06:48.547,1.01117,1.01134,1.00,1.28
2014.05.22 06:06:56.608,1.01117,1.01134,1.00,1.28
2014.05.22 06:06:57.899,1.01116,1.01134,1.00,1.28
2014.05.22 06:06:58.668,1.01117,1.01134,1.00,1.28
2014.05.22 06:06:59.218,1.01116,1.01134,1.00,1.28
2014.05.22 06:07:04.407,1.01117,1.01134,1.00,1.28
2014.05.22 06:07:10.109,1.01116,1.01134,1.00,1.28
2014.05.22 06:07:13.848,1.01121,1.01134,1.00,1.28
2014.05.22 06:07:14.001,1.01121,1.01138,1.00,3.15
2014.05.22 06:07:18.445,1.01123,1.01138,1.50,2.40
2014.05.22 06:07:18.546,1.01123,1.01141,1.50,1.28
2014.05.22 06:07:18.597,1.01126,1.01142,1.00,2.40
2014.05.22 06:07:19.145,1.01121,1.01143,1.08,4.95
2014.05.22 06:07:19.397,1.01126,1.01142,1.00,3.45
2014.05.22 06:07:19.548,1.01126,1.01143,1.00,1.15
2014.05.22 06:07:20.345,1.01123,1.01138,1.50,2.25
2014.05.22 06:07:20.597,1.01117,1.01138,1.10,4.20
2014.05.22 06:07:21.107,1.01122,1.01137,1.00,3.08
2014.05.22 06:07:22.558,1.01122,1.0114,1.00,2.70
2014.05.22 06:07:22.659,1.01122,1.0114,1.00,1.65
2014.05.22 06:07:35.626,1.01116,1.01139,3.15,1.15
2014.05.22 06:07:36.066,1.01122,1.01139,1.00,1.15
2014.05.22 06:07:42.367,1.01122,1.01139,1.10,1.18
2014.05.22 06:07:43.858,1.01122,1.01144,1.65,1.28
2014.05.22 06:07:43.909,1.01127,1.01146,1.00,1.58
2014.05.22 06:07:43.959,1.01128,1.01147,1.58,2.40
2014.05.22 06:07:44.110,1.01131,1.01146,1.00,1.18
2014.05.22 06:07:47.067,1.01128,1.01146,1.58,1.18
2014.05.22 06:07:48.386,1.01131,1.01147,1.00,1.65
2014.05.22 06:07:49.597,1.01128,1.01147,1.58,1.65
2014.05.22 06:07:53.404,1.01126,1.01147,1.08,2.03
2014.05.22 06:07:53.555,1.01127,1.01145,1.00,1.15
2014.05.22 06:08:14.178,1.01127,1.01145,1.00,1.15
2014.05.22 06:08:22.375,1.01122,1.01143,2.40,1.18
2014.05.22 06:08:35.186,1.01126,1.01145,1.00,2.78
2014.05.22 06:08:42.847,1.01127,1.01145,1.00,2.78
2014.05.22 06:08:50.876,1.01122,1.01143,2.40,1.18
2014.05.22 06:08:51.178,1.01122,1.0114,1.18,1.58
2014.05.22 06:08:51.361,1.01122,1.0114,1.00,2.03
2014.05.22 06:08:51.901,1.01121,1.01138,1.00,2.03
2014.05.22 06:08:52.102,1.01117,1.01136,1.00,1.28
2014.05.22 06:08:52.203,1.01117,1.01135,1.00,2.03
2014.05.22 06:08:52.636,1.01111,1.01134,1.15,1.53
2014.05.22 06:08:53.669,1.01117,1.01135,1.00,1.65
2014.05.22 06:08:54.025,1.01111,1.01134,1.15,2.03
2014.05.22 06:08:55.522,1.01112,1.01133,1.15,1.20
2014.05.22 06:08:55.726,1.01112,1.01133,1.18,1.15
2014.05.22 06:08:59.126,1.01117,1.01134,1.00,2.03
2014.05.22 06:08:59.229,1.01117,1.01134,1.00,1.65
2014.05.22 06:08:59.280,1.01117,1.01134,1.00,1.65
2014.05.22 06:09:06.825,1.01116,1.01133,1.50,1.00
2014.05.22 06:09:07.027,1.01112,1.01133,1.18,1.20
2014.05.22 06:09:07.077,1.0111,1.01128,1.65,1.00
2014.05.22 06:09:07.617,1.01112,1.01133,1.10,1.28
2014.05.22 06:09:22.744,1.01111,1.01134,1.28,3.53
2014.05.22 06:09:41.745,1.01111,1.01134,1.53,2.78
2014.05.22 06:09:41.862,1.01118,1.01134,1.50,1.53
2014.05.22 06:09:41.963,1.01118,1.01137,1.50,1.15
2014.05.22 06:09:42.063,1.01118,1.01137,1.65,1.20
2014.05.22 06:09:42.577,1.01118,1.01133,1.65,1.00
2014.05.22 06:09:42.955,1.01115,1.01133,4.20,1.00
2014.05.22 06:09:44.141,1.01116,1.01137,1.15,1.08
2014.05.22 06:09:44.348,1.01118,1.01133,1.65,1.00
2014.05.22 06:09:44.449,1.01116,1.01137,1.15,1.08
2014.05.22 06:09:44.550,1.01116,1.01133,1.20,1.10
2014.05.22 06:09:44.852,1.01112,1.01132,1.18,1.18
2014.05.22 06:09:45.386,1.01112,1.0113,1.10,1.65
2014.05.22 06:09:45.689,1.01118,1.01131,1.50,1.08
2014.05.22 06:09:45.739,1.01118,1.01135,1.50,1.05
2014.05.22 06:09:45.840,1.01118,1.01137,1.65,2.03
2014.05.22 06:09:45.891,1.01118,1.01134,1.65,1.00
2014.05.22 06:09:45.992,1.01116,1.01134,1.58,1.58
2014.05.22 06:09:47.304,1.01113,1.01134,1.65,1.10
2014.05.22 06:09:48.294,1.01117,1.01135,1.00,1.80
2014.05.22 06:09:48.596,1.01112,1.01129,1.00,2.03
2014.05.22 06:09:49.054,1.01113,1.01133,1.58,1.55
2014.05.22 06:09:49.958,1.01116,1.01134,1.00,1.53
2014.05.22 06:10:00.615,1.01121,1.01135,1.00,1.53
2014.05.22 06:10:00.886,1.01117,1.01135,1.00,1.15
2014.05.22 06:10:01.475,1.01111,1.01134,3.08,2.40
2014.05.22 06:10:12.604,1.01117,1.01133,1.00,1.18
2014.05.22 06:10:14.231,1.01117,1.01136,1.00,1.15
2014.05.22 06:10:16.565,1.01116,1.01136,1.20,1.15
2014.05.22 06:10:16.697,1.01118,1.01139,1.50,3.53
2014.05.22 06:10:17.227,1.01118,1.01138,1.65,1.28
2014.05.22 06:10:17.554,1.01124,1.01141,1.65,1.00
2014.05.22 06:10:18.400,1.01124,1.01143,1.50,1.28
2014.05.22 06:10:28.987,1.01124,1.01144,1.58,1.18
2014.05.22 06:10:29.038,1.01124,1.01144,1.65,1.10
2014.05.22 06:10:29.904,1.01126,1.01146,1.00,1.53
2014.05.22 06:10:30.525,1.01126,1.01146,1.00,3.45
2014.05.22 06:10:36.858,1.01127,1.01146,1.00,3.45
2014.05.22 06:10:41.769,1.01127,1.01148,1.00,2.03
2014.05.22 06:11:02.197,1.01127,1.01148,1.18,1.65
2014.05.22 06:11:11.373,1.01131,1.01148,1.00,1.15
2014.05.22 06:11:16.543,1.01127,1.01148,1.18,1.65
2014.05.22 06:11:21.743,1.01123,1.01144,2.25,3.00
2014.05.22 06:11:21.794,1.01121,1.01143,1.10,2.33
2014.05.22 06:11:21.996,1.01117,1.01138,1.15,1.15
2014.05.22 06:11:22.344,1.01117,1.01137,1.00,1.28
2014.05.22 06:11:27.143,1.01121,1.01136,1.50,1.15
2014.05.22 06:11:27.294,1.01121,1.01138,1.50,1.65
2014.05.22 06:11:27.884,1.01121,1.01138,1.58,1.18
2014.05.22 06:11:31.064,1.01122,1.0114,1.00,1.15
2014.05.22 06:11:31.184,1.01124,1.0114,1.50,1.15
2014.05.22 06:11:31.336,1.01124,1.01143,1.50,1.15
2014.05.22 06:11:31.832,1.01125,1.01143,1.58,1.08
2014.05.22 06:11:31.883,1.01127,1.01144,1.00,1.20
2014.05.22 06:11:36.344,1.01126,1.01145,1.20,1.15
2014.05.22 06:11:36.395,1.01132,1.01145,1.50,1.08
2014.05.22 06:11:36.505,1.01132,1.01149,1.50,2.78
2014.05.22 06:11:37.125,1.01132,1.01149,1.50,1.65
2014.05.22 06:11:40.417,1.01137,1.0115,1.50,1.15
2014.05.22 06:11:40.619,1.01134,1.0115,1.50,1.15
2014.05.22 06:11:41.249,1.01134,1.01147,1.50,2.25
2014.05.22 06:11:41.300,1.01127,1.01144,2.25,1.15
2014.05.22 06:11:41.451,1.01127,1.01144,1.10,1.10
2014.05.22 06:11:42.973,1.01132,1.01147,1.00,1.15
2014.05.22 06:11:43.322,1.01131,1.01149,2.25,1.15
2014.05.22 06:11:43.839,1.01137,1.01151,1.00,1.65
2014.05.22 06:11:44.004,1.01137,1.01153,2.25,1.30
2014.05.22 06:11:47.124,1.01142,1.01155,1.00,2.03
2014.05.22 06:11:47.350,1.01137,1.01155,2.25,1.53
2014.05.22 06:11:47.474,1.01137,1.01153,1.00,1.53
2014.05.22 06:11:47.676,1.01132,1.01152,2.25,2.03
2014.05.22 06:11:47.827,1.01137,1.01152,1.00,1.15
2014.05.22 06:11:48.079,1.01137,1.01155,1.10,1.28
2014.05.22 06:11:48.130,1.01136,1.0115,1.00,1.45
2014.05.22 06:11:48.684,1.01136,1.0115,1.00,2.03
2014.05.22 06:11:48.735,1.01136,1.0115,1.00,2.03
2014.05.22 06:11:49.132,1.01132,1.0115,2.25,1.55
2014.05.22 06:11:49.334,1.01136,1.0115,1.00,1.18
2014.05.22 06:11:51.725,1.01136,1.01156,1.00,4.95
2014.05.22 06:11:51.877,1.01141,1.01155,1.00,1.15
2014.05.22 06:11:52.078,1.01137,1.01155,1.50,1.15
2014.05.22 06:11:52.338,1.01141,1.01155,1.00,1.15
2014.05.22 06:11:52.493,1.01142,1.01155,1.50,1.10
2014.05.22 06:11:53.102,1.01141,1.01155,1.00,1.10
2014.05.22 06:11:54.352,1.01143,1.01155,1.50,1.10
2014.05.22 06:11:54.683,1.01141,1.0116,1.00,2.33
2014.05.22 06:11:55.186,1.01141,1.01159,1.00,2.33
2014.05.22 06:11:59.246,1.01137,1.01158,2.25,1.65
2014.05.22 06:12:03.622,1.01141,1.01158,1.00,1.15
2014.05.22 06:12:04.183,1.01136,1.01158,1.10,2.40
2014.05.22 06:12:04.234,1.01136,1.01157,1.00,4.50
2014.05.22 06:12:05.004,1.01137,1.01157,1.00,6.00
2014.05.22 06:12:05.723,1.01133,1.01154,1.65,1.15
2014.05.22 06:12:09.697,1.01133,1.01154,1.58,1.65
2014.05.22 06:12:10.038,1.01133,1.01151,1.50,1.15
2014.05.22 06:12:10.191,1.01123,1.01143,2.40,1.00
2014.05.22 06:12:10.292,1.01123,1.01143,1.65,1.08
2014.05.22 06:12:11.501,1.01121,1.01144,2.40,1.15
2014.05.22 06:12:13.451,1.01127,1.01146,1.00,4.58
2014.05.22 06:12:16.822,1.01122,1.01143,1.18,1.15
2014.05.22 06:12:16.973,1.01122,1.01142,1.00,3.83
2014.05.22 06:12:17.178,1.01117,1.01139,1.65,2.40
2014.05.22 06:12:17.283,1.01117,1.01139,1.65,2.40
2014.05.22 06:12:17.384,1.01122,1.01139,1.00,1.65
2014.05.22 06:12:19.041,1.01122,1.01139,1.00,1.65
2014.05.22 06:12:19.618,1.01127,1.01139,1.00,1.65
2014.05.22 06:12:19.920,1.01117,1.01132,1.00,1.58
2014.05.22 06:12:20.319,1.01116,1.01133,1.00,2.33
2014.05.22 06:12:20.571,1.01111,1.01132,1.08,1.65
2014.05.22 06:12:20.633,1.01111,1.01125,1.08,1.50
2014.05.22 06:12:21.168,1.01112,1.0113,1.00,1.65
2014.05.22 06:12:21.905,1.01111,1.0113,1.00,1.65
2014.05.22 06:12:23.863,1.01116,1.0113,1.00,1.65
2014.05.22 06:12:24.015,1.01116,1.01132,1.00,1.15
2014.05.22 06:12:28.173,1.01112,1.01133,1.00,1.15
2014.05.22 06:12:28.223,1.01112,1.01128,1.00,1.65
2014.05.22 06:12:28.592,1.01112,1.01125,1.00,1.58
2014.05.22 06:12:29.143,1.01111,1.01125,1.00,1.58
2014.05.22 06:12:29.584,1.01117,1.01125,1.00,1.58
2014.05.22 06:12:31.374,1.01117,1.01129,1.00,1.65
2014.05.22 06:12:34.346,1.01117,1.01133,1.00,1.15
2014.05.22 06:12:35.121,1.01111,1.01128,1.18,1.50
2014.05.22 06:12:35.632,1.01111,1.01128,1.00,1.65
2014.05.22 06:12:47.294,1.01112,1.01129,1.00,1.65
2014.05.22 06:12:47.851,1.01111,1.01131,1.00,2.03
2014.05.22 06:12:51.363,1.01117,1.01131,1.00,2.03
2014.05.22 06:12:51.464,1.01117,1.01133,1.00,1.28
2014.05.22 06:12:51.914,1.01111,1.01133,2.40,1.53
2014.05.22 06:12:52.192,1.01111,1.01131,1.10,2.03
2014.05.22 06:12:53.391,1.01112,1.01131,1.00,2.03
2014.05.22 06:12:55.332,1.01107,1.01128,1.15,1.15
2014.05.22 06:12:55.433,1.01107,1.01128,1.08,1.28
2014.05.22 06:12:55.736,1.01107,1.01123,1.00,2.33
2014.05.22 06:12:55.887,1.01102,1.01119,1.00,1.65
2014.05.22 06:12:58.291,1.01107,1.01121,1.00,2.03
2014.05.22 06:12:58.528,1.01107,1.01122,1.00,1.15
2014.05.22 06:12:58.579,1.01107,1.01122,1.00,1.15
2014.05.22 06:12:58.842,1.01101,1.01121,1.10,1.65
2014.05.22 06:12:59.104,1.01106,1.01119,1.00,1.58
2014.05.22 06:13:00.414,1.01101,1.0112,1.10,1.65
2014.05.22 06:13:02.594,1.01102,1.0112,1.00,1.65
2014.05.22 06:13:05.112,1.01106,1.0112,1.00,1.65
2014.05.22 06:13:05.661,1.01101,1.01121,1.10,1.65
2014.05.22 06:13:06.542,1.01106,1.01121,1.00,1.65
2014.05.22 06:13:07.082,1.01106,1.01122,1.00,1.15
2014.05.22 06:13:08.081,1.01101,1.01122,1.15,1.15
2014.05.22 06:13:08.286,1.01101,1.01119,1.18,1.58
2014.05.22 06:13:09.418,1.01102,1.01119,1.00,1.55
2014.05.22 06:13:17.806,1.01102,1.01118,1.00,6.45
2014.05.22 06:13:17.907,1.01096,1.01112,1.10,1.50
2014.05.22 06:13:18.351,1.01097,1.01112,1.00,1.65
2014.05.22 06:13:18.653,1.01096,1.01106,1.00,1.50
2014.05.22 06:13:18.804,1.01096,1.0111,1.00,1.65
2014.05.22 06:13:18.905,1.01096,1.0111,1.00,1.58
2014.05.22 06:13:19.232,1.01096,1.01113,1.00,1.65
2014.05.22 06:13:19.819,1.01096,1.01113,1.10,1.58
2014.05.22 06:13:20.642,1.01097,1.01113,1.00,1.58
2014.05.22 06:13:20.937,1.01092,1.01107,1.15,1.50
2014.05.22 06:13:21.039,1.01092,1.01107,1.00,1.50
2014.05.22 06:13:24.582,1.01087,1.01107,1.15,1.50
2014.05.22 06:13:25.791,1.01091,1.01107,1.00,1.50
2014.05.22 06:13:27.331,1.01087,1.01107,1.15,1.50
2014.05.22 06:13:27.451,1.01087,1.01107,1.08,1.65
2014.05.22 06:13:29.346,1.01091,1.01107,1.00,1.65
2014.05.22 06:13:29.547,1.01086,1.011,1.00,1.50
2014.05.22 06:13:30.652,1.01082,1.01099,1.18,1.50
2014.05.22 06:13:31.176,1.01082,1.01096,1.00,1.50
2014.05.22 06:13:34.758,1.01082,1.01096,1.00,1.65
2014.05.22 06:13:34.859,1.01077,1.01094,1.00,1.28
2014.05.22 06:13:34.909,1.01077,1.0109,1.00,1.50
2014.05.22 06:13:39.321,1.01076,1.01094,1.00,2.40
2014.05.22 06:13:39.870,1.01077,1.01094,1.00,2.40
2014.05.22 06:13:49.551,1.01081,1.01095,1.00,5.25
2014.05.22 06:13:50.422,1.01081,1.01096,1.00,1.65
2014.05.22 06:13:50.523,1.01081,1.01096,1.00,1.18
2014.05.22 06:13:51.092,1.01086,1.01097,1.00,1.15
2014.05.22 06:13:51.294,1.01086,1.01102,1.00,1.53
2014.05.22 06:13:51.395,1.01087,1.01102,1.00,1.18
2014.05.22 06:13:55.619,1.01087,1.01106,1.00,2.03
2014.05.22 06:14:06.381,1.01092,1.01106,1.00,2.40
2014.05.22 06:14:08.260,1.01092,1.01106,1.00,2.40
2014.05.22 06:14:14.850,1.01086,1.01106,1.18,2.03
2014.05.22 06:14:17.050,1.01092,1.01106,1.00,1.28
2014.05.22 06:14:23.070,1.01092,1.01106,1.00,1.28
2014.05.22 06:14:23.172,1.01092,1.01106,1.00,1.28
2014.05.22 06:14:25.100,1.01092,1.01106,1.00,1.28
2014.05.22 06:14:25.359,1.01092,1.01106,1.00,1.65
2014.05.22 06:14:25.410,1.01086,1.01103,1.15,1.88
2014.05.22 06:14:25.562,1.01086,1.01102,1.00,1.08
2014.05.22 06:14:25.663,1.01082,1.01102,1.00,1.15
2014.05.22 06:14:26.142,1.01082,1.01102,1.00,1.53
2014.05.22 06:14:26.445,1.01082,1.01097,1.00,2.03
2014.05.22 06:14:26.621,1.01079,1.01097,1.50,1.53
2014.05.22 06:14:26.722,1.01076,1.01097,1.08,2.78
2014.05.22 06:14:26.772,1.01076,1.01095,1.00,2.70
2014.05.22 06:14:27.412,1.01076,1.01096,1.00,3.45
2014.05.22 06:14:28.110,1.01078,1.01095,1.50,1.53
2014.05.22 06:14:28.440,1.01076,1.01095,1.00,1.53
2014.05.22 06:14:28.491,1.01076,1.01095,1.00,3.45
2014.05.22 06:14:36.734,1.01076,1.01095,1.00,1.53
2014.05.22 06:14:38.657,1.01086,1.01097,1.00,3.83
2014.05.22 06:14:38.707,1.01086,1.01099,1.00,1.63
2014.05.22 06:14:38.808,1.01086,1.01099,1.00,1.63
2014.05.22 06:14:38.859,1.01082,1.011,2.25,2.10
2014.05.22 06:14:40.372,1.01087,1.011,1.00,1.53
2014.05.22 06:14:40.573,1.01087,1.01103,2.25,1.53
2014.05.22 06:14:50.970,1.01087,1.01104,1.00,1.15
2014.05.22 06:14:51.071,1.01087,1.01104,1.00,1.18
2014.05.22 06:14:51.179,1.0109,1.01104,1.00,1.18
2014.05.22 06:14:51.401,1.01088,1.01104,1.00,1.18
2014.05.22 06:14:51.623,1.0109,1.01104,1.50,1.18
2014.05.22 06:14:53.789,1.01091,1.01104,1.00,1.18
2014.05.22 06:14:54.009,1.01092,1.01106,1.50,1.10
2014.05.22 06:14:55.696,1.01094,1.0111,1.50,1.53
2014.05.22 06:14:58.963,1.01094,1.0111,1.50,1.20
2014.05.22 06:14:59.070,1.01096,1.01111,1.00,1.15
2014.05.22 06:14:59.619,1.01092,1.01111,1.65,1.15
2014.05.22 06:15:03.319,1.01092,1.01111,1.58,1.15
2014.05.22 06:15:03.941,1.01091,1.0111,1.00,2.33
2014.05.22 06:15:11.721,1.0109,1.01109,1.50,1.15
2014.05.22 06:15:14.601,1.0109,1.01103,1.50,1.00
2014.05.22 06:15:14.753,1.01082,1.01103,3.08,1.00
2014.05.22 06:15:14.904,1.01082,1.01103,1.15,1.15
2014.05.22 06:15:16.529,1.01081,1.01102,1.10,2.03
2014.05.22 06:15:16.831,1.01081,1.01102,1.00,3.83
2014.05.22 06:15:17.082,1.01081,1.01103,1.18,3.15
2014.05.22 06:15:17.615,1.01087,1.01102,1.00,1.65
2014.05.22 06:15:18.907,1.01082,1.01102,1.10,1.65
2014.05.22 06:15:19.008,1.01082,1.01102,1.00,4.20
2014.05.22 06:15:19.241,1.01081,1.01104,1.18,5.33
2014.05.22 06:15:19.350,1.01087,1.01104,1.00,4.58
2014.05.22 06:15:19.903,1.01087,1.01101,1.00,5.25
2014.05.22 06:15:20.080,1.01081,1.01099,1.00,2.33
2014.05.22 06:15:20.662,1.01082,1.01099,1.00,3.08
2014.05.22 06:15:20.877,1.01076,1.01098,1.00,2.70
2014.05.22 06:15:20.978,1.01076,1.01096,1.00,2.70
2014.05.22 06:15:21.282,1.01082,1.01097,1.00,2.33
2014.05.22 06:15:21.753,1.01082,1.01095,1.00,2.33
2014.05.22 06:15:21.853,1.01078,1.01096,1.50,5.25
2014.05.22 06:15:21.954,1.01077,1.01092,1.00,2.33
2014.05.22 06:15:22.256,1.01076,1.01095,1.00,2.33
2014.05.22 06:15:22.371,1.01079,1.01095,1.50,2.33
2014.05.22 06:15:22.591,1.01076,1.01095,1.00,2.33
2014.05.22 06:15:23.643,1.01077,1.01094,1.00,1.15
2014.05.22 06:15:23.693,1.01077,1.01092,1.00,2.33
2014.05.22 06:15:23.852,1.01072,1.01092,2.25,2.33
2014.05.22 06:15:24.054,1.01076,1.01089,1.00,1.15
2014.05.22 06:15:24.306,1.01076,1.01092,1.00,1.15
2014.05.22 06:15:24.408,1.01076,1.01092,1.00,1.15
2014.05.22 06:15:24.814,1.01077,1.01092,1.00,2.33
2014.05.22 06:15:24.916,1.01077,1.01093,1.00,1.15
2014.05.22 06:15:25.355,1.01076,1.01095,1.00,1.15
2014.05.22 06:15:29.915,1.01076,1.01093,1.00,1.15
2014.05.22 06:15:30.022,1.01076,1.01092,1.00,1.15
2014.05.22 06:15:30.122,1.01071,1.0109,1.10,1.15
2014.05.22 06:15:30.667,1.01071,1.0109,1.00,2.40
2014.05.22 06:15:32.433,1.01076,1.01092,1.00,2.33
2014.05.22 06:15:32.620,1.01071,1.01092,2.33,2.33
2014.05.22 06:15:34.661,1.01071,1.01092,1.18,2.33
2014.05.22 06:15:34.762,1.01071,1.01093,1.15,1.15
2014.05.22 06:15:34.812,1.01071,1.01093,1.08,3.08
2014.05.22 06:15:35.668,1.01071,1.01092,1.00,2.33
2014.05.22 06:15:46.573,1.01071,1.01093,1.15,1.15
2014.05.22 06:15:47.189,1.01071,1.01093,1.08,3.08
2014.05.22 06:15:47.240,1.01071,1.01093,1.00,5.25
2014.05.22 06:15:47.748,1.01071,1.01091,1.00,2.33
2014.05.22 06:15:52.141,1.01071,1.01088,1.00,2.33
2014.05.22 06:16:01.354,1.01071,1.0109,1.00,1.65
2014.05.22 06:16:02.565,1.01077,1.01091,1.00,3.08
2014.05.22 06:16:02.616,1.01077,1.01091,1.00,1.15
2014.05.22 06:16:03.081,1.01077,1.01094,1.00,1.15
2014.05.22 06:16:03.354,1.01072,1.01093,2.40,1.15
2014.05.22 06:16:03.405,1.01072,1.01093,2.33,1.15
2014.05.22 06:16:03.506,1.01072,1.01092,1.00,1.15
2014.05.22 06:16:04.021,1.01072,1.0109,1.00,1.15
2014.05.22 06:16:04.273,1.01071,1.01091,1.00,1.15
2014.05.22 06:16:04.324,1.01076,1.01091,1.00,1.15
2014.05.22 06:16:04.484,1.01076,1.01094,1.00,1.15
2014.05.22 06:16:08.061,1.01072,1.01094,1.65,1.65
2014.05.22 06:16:08.244,1.01071,1.01093,1.18,2.33
2014.05.22 06:16:08.592,1.01071,1.0109,1.00,1.15
2014.05.22 06:16:08.643,1.01067,1.01088,1.20,1.15
2014.05.22 06:16:08.694,1.01067,1.01088,1.10,3.08
2014.05.22 06:16:09.102,1.01067,1.01086,1.00,2.33
2014.05.22 06:16:09.507,1.01067,1.01085,1.00,1.15
2014.05.22 06:16:09.608,1.01072,1.01085,1.00,1.15
2014.05.22 06:16:11.140,1.01066,1.01085,1.10,1.15
2014.05.22 06:16:18.620,1.01071,1.01085,1.00,1.15
2014.05.22 06:16:22.579,1.01067,1.01085,1.00,1.15
2014.05.22 06:16:24.880,1.01067,1.01088,1.08,3.75
2014.05.22 06:16:24.939,1.01067,1.01088,1.15,1.58
2014.05.22 06:16:25.049,1.01067,1.01088,1.18,1.65
2014.05.22 06:16:25.449,1.01071,1.01088,1.00,1.15
2014.05.22 06:16:25.810,1.01067,1.01088,1.18,1.65
2014.05.22 06:16:29.548,1.01071,1.01088,1.00,1.15
2014.05.22 06:16:42.531,1.01067,1.01088,1.18,1.65
2014.05.22 06:16:52.515,1.01067,1.01086,1.20,1.18
2014.05.22 06:16:52.867,1.01065,1.01084,1.58,1.65
2014.05.22 06:16:53.455,1.01065,1.01084,1.50,1.65
2014.05.22 06:16:54.926,1.01065,1.01084,1.58,1.18
2014.05.22 06:16:55.257,1.01067,1.01086,1.15,1.47
2014.05.22 06:16:56.739,1.01065,1.01084,1.65,1.00
2014.05.22 06:16:58.160,1.01065,1.01084,1.65,1.10
2014.05.22 06:16:59.127,1.01065,1.01084,1.65,1.10
2014.05.22 06:17:02.789,1.01065,1.01083,1.65,1.00
2014.05.22 06:17:02.840,1.01065,1.01083,1.58,1.10
2014.05.22 06:17:04.409,1.01066,1.01083,1.50,1.10
2014.05.22 06:17:06.308,1.01066,1.01087,2.33,1.65
2014.05.22 06:17:09.829,1.01066,1.01083,1.58,1.00
2014.05.22 06:17:10.030,1.01062,1.01083,1.10,1.15
2014.05.22 06:17:10.131,1.01066,1.01083,1.50,1.15
2014.05.22 06:17:11.456,1.01066,1.01083,1.50,1.20
2014.05.22 06:17:11.712,1.01062,1.01083,1.15,2.40
2014.05.22 06:17:11.813,1.01062,1.01083,1.10,2.40
2014.05.22 06:17:18.158,1.01066,1.01083,1.50,1.15
2014.05.22 06:17:20.404,1.01066,1.01083,1.58,1.15
2014.05.22 06:17:22.778,1.01064,1.01083,1.50,1.15
2014.05.22 06:17:23.040,1.01066,1.01086,1.00,1.15
2014.05.22 06:17:26.109,1.01064,1.01084,1.50,1.15
2014.05.22 06:17:26.209,1.01061,1.01082,1.15,1.65
2014.05.22 06:17:27.167,1.01061,1.01082,1.15,1.65
2014.05.22 06:17:30.617,1.01066,1.01084,1.00,1.15
2014.05.22 06:17:33.820,1.01062,1.01079,1.58,1.08
2014.05.22 06:17:33.871,1.01058,1.01079,1.15,1.15
2014.05.22 06:17:33.922,1.01058,1.01079,1.18,1.15
2014.05.22 06:17:33.973,1.01056,1.01079,1.18,1.65
2014.05.22 06:17:34.024,1.01056,1.01079,1.10,3.83
2014.05.22 06:17:34.176,1.01061,1.01079,1.00,5.25
2014.05.22 06:17:35.569,1.01058,1.01079,1.58,3.83
2014.05.22 06:17:36.558,1.01062,1.01079,1.00,2.33
2014.05.22 06:17:36.760,1.01062,1.0108,1.00,1.15
2014.05.22 06:17:37.290,1.01062,1.01081,1.00,2.33
2014.05.22 06:17:38.269,1.01062,1.01082,1.00,6.00
2014.05.22 06:17:40.366,1.01064,1.01082,1.50,2.33
2014.05.22 06:17:40.467,1.01066,1.01084,1.00,1.15
2014.05.22 06:17:41.138,1.01067,1.01084,1.00,1.15
2014.05.22 06:17:41.659,1.01067,1.01084,1.00,1.15
2014.05.22 06:17:41.839,1.01064,1.01084,1.50,3.83
2014.05.22 06:17:41.898,1.01061,1.01082,1.18,1.65
2014.05.22 06:17:42.463,1.01061,1.01082,1.00,1.65
2014.05.22 06:17:44.610,1.01066,1.01082,1.00,2.40
2014.05.22 06:17:45.579,1.01061,1.01082,1.00,2.40
2014.05.22 06:17:45.681,1.01061,1.01079,1.00,1.65
2014.05.22 06:17:46.033,1.01062,1.01082,1.00,2.33
2014.05.22 06:17:47.117,1.01067,1.01082,1.00,2.33
2014.05.22 06:17:47.338,1.01062,1.01082,1.00,2.33
2014.05.22 06:17:47.440,1.01062,1.0108,1.00,6.75
2014.05.22 06:17:47.759,1.01062,1.01076,1.00,2.33
2014.05.22 06:17:47.891,1.01058,1.01076,1.50,2.33
2014.05.22 06:17:47.991,1.01057,1.01074,1.00,2.33
2014.05.22 06:17:49.841,1.01057,1.0107,1.00,2.33
2014.05.22 06:17:49.892,1.01054,1.01069,1.50,3.08
2014.05.22 06:17:49.943,1.01052,1.01068,1.50,1.65
2014.05.22 06:17:50.301,1.01052,1.01071,1.00,2.33
2014.05.22 06:17:50.351,1.01057,1.01071,1.00,2.33
2014.05.22 06:17:50.452,1.01057,1.01071,1.00,1.15
2014.05.22 06:17:50.757,1.01057,1.01073,1.00,1.65
2014.05.22 06:17:51.110,1.01061,1.01076,1.00,1.65
2014.05.22 06:17:51.312,1.01061,1.01081,1.10,1.65
2014.05.22 06:17:51.513,1.01056,1.01079,2.40,4.58
2014.05.22 06:17:55.051,1.01061,1.01079,1.00,3.83
2014.05.22 06:17:57.500,1.01061,1.01082,1.00,5.33
2014.05.22 06:17:59.547,1.01066,1.01082,1.00,3.08
2014.05.22 06:18:01.684,1.01066,1.01082,1.00,1.15
2014.05.22 06:18:02.612,1.01066,1.01082,1.00,1.15
2014.05.22 06:18:02.816,1.0106,1.01079,1.65,1.00
2014.05.22 06:18:04.630,1.01061,1.01082,1.10,1.15
2014.05.22 06:18:04.868,1.01056,1.01074,1.15,2.25
2014.05.22 06:18:05.019,1.01051,1.01074,5.40,2.40
2014.05.22 06:18:05.186,1.01056,1.01078,1.08,3.83
2014.05.22 06:18:05.236,1.01056,1.01078,1.15,1.65
2014.05.22 06:18:07.377,1.01056,1.01078,1.10,2.33
2014.05.22 06:18:08.178,1.01058,1.01078,1.50,2.33
2014.05.22 06:18:08.279,1.01058,1.01079,1.65,1.15
2014.05.22 06:18:08.866,1.01061,1.01081,1.00,3.08
2014.05.22 06:18:09.557,1.01057,1.01078,2.40,1.15
2014.05.22 06:18:09.862,1.01057,1.01078,4.58,1.18
2014.05.22 06:18:10.489,1.01061,1.01083,1.18,2.33
2014.05.22 06:18:18.147,1.01059,1.01079,2.33,1.00
2014.05.22 06:18:18.399,1.01058,1.01079,1.65,1.20
2014.05.22 06:18:19.037,1.01058,1.01079,1.58,3.08
2014.05.22 06:18:19.424,1.01061,1.01079,1.00,1.15
2014.05.22 06:18:19.730,1.01061,1.01078,1.00,2.33
2014.05.22 06:18:20.236,1.01062,1.01078,1.00,2.33
2014.05.22 06:18:29.380,1.01062,1.01077,1.00,2.33
2014.05.22 06:18:40.246,1.01056,1.01077,1.00,3.45
2014.05.22 06:18:47.618,1.01057,1.01077,1.00,3.45
2014.05.22 06:18:50.121,1.01057,1.01076,1.00,2.70
2014.05.22 06:18:52.296,1.0106,1.01076,1.50,2.70
2014.05.22 06:18:52.397,1.0106,1.01077,1.50,1.53
2014.05.22 06:18:56.102,1.0106,1.01077,1.50,1.53
2014.05.22 06:18:57.651,1.0106,1.01079,1.65,1.95
2014.05.22 06:18:58.175,1.01056,1.01079,1.15,3.53
2014.05.22 06:19:05.718,1.01056,1.01077,1.10,2.33
2014.05.22 06:19:06.197,1.01058,1.01077,1.50,3.08
2014.05.22 06:19:07.676,1.01058,1.01078,1.50,2.70
2014.05.22 06:19:07.727,1.01056,1.01078,2.33,4.20
2014.05.22 06:19:07.778,1.01056,1.01078,2.40,2.03
2014.05.22 06:19:07.929,1.01058,1.01078,1.50,1.53
2014.05.22 06:19:08.474,1.01062,1.01079,1.00,2.03
2014.05.22 06:19:08.860,1.01058,1.01079,1.50,2.78
2014.05.22 06:19:09.346,1.01056,1.01079,1.20,4.28
2014.05.22 06:19:09.936,1.01057,1.01077,1.00,1.53
2014.05.22 06:19:10.386,1.01062,1.01076,1.00,1.28
2014.05.22 06:19:11.376,1.01057,1.01078,1.50,1.53
2014.05.22 06:19:12.060,1.01056,1.01077,1.20,1.53
2014.05.22 06:19:12.110,1.01056,1.01077,1.00,3.45
2014.05.22 06:19:12.636,1.01057,1.01074,1.00,1.15
2014.05.22 06:19:14.566,1.01056,1.01074,1.00,1.15
2014.05.22 06:19:14.819,1.01051,1.01073,1.15,2.03
2014.05.22 06:19:15.121,1.01051,1.01073,1.00,2.78
2014.05.22 06:19:16.326,1.01052,1.01073,1.00,3.53
2014.05.22 06:19:16.480,1.01052,1.01069,1.00,1.65
2014.05.22 06:19:21.431,1.01051,1.01071,1.00,3.83
2014.05.22 06:19:21.992,1.01052,1.01069,1.00,1.65
2014.05.22 06:19:23.417,1.01052,1.01071,1.00,1.65
2014.05.22 06:19:24.485,1.01056,1.01071,1.00,1.65
2014.05.22 06:19:25.125,1.01051,1.01068,1.20,1.50
2014.05.22 06:19:25.707,1.01047,1.01062,1.00,1.50
2014.05.22 06:19:26.009,1.01051,1.0107,1.00,1.15
2014.05.22 06:19:26.161,1.01051,1.01071,1.18,1.58
2014.05.22 06:19:26.262,1.01057,1.01071,1.00,1.58
2014.05.22 06:19:26.363,1.01051,1.01069,1.18,1.50
2014.05.22 06:19:32.973,1.01051,1.01069,1.20,1.95
2014.05.22 06:19:33.856,1.01052,1.01069,1.00,2.03
2014.05.22 06:19:34.920,1.01052,1.01073,1.00,1.53
2014.05.22 06:19:37.708,1.01052,1.01069,1.00,1.50
2014.05.22 06:19:39.019,1.01052,1.01069,1.00,1.65
2014.05.22 06:19:39.646,1.01047,1.01069,1.15,2.40
2014.05.22 06:19:42.065,1.01052,1.01069,1.00,1.65
2014.05.22 06:19:42.630,1.01046,1.01069,1.65,2.40
2014.05.22 06:19:45.909,1.01047,1.01068,1.15,1.08
2014.05.22 06:19:52.699,1.01047,1.01064,1.15,1.50
2014.05.22 06:19:53.046,1.01047,1.01065,1.00,4.20
2014.05.22 06:19:53.097,1.01042,1.01064,1.65,1.15
2014.05.22 06:19:53.298,1.01047,1.01065,1.00,4.20
2014.05.22 06:19:53.526,1.01047,1.01065,1.00,2.03
2014.05.22 06:19:53.743,1.01047,1.01065,1.20,2.03
2014.05.22 06:19:54.269,1.01047,1.01068,1.15,1.18
2014.05.22 06:19:54.532,1.01047,1.01068,1.00,1.15
2014.05.22 06:19:54.684,1.01044,1.01064,1.28,1.15
2014.05.22 06:19:54.735,1.01042,1.01064,2.55,1.15
2014.05.22 06:19:55.262,1.01041,1.01063,1.45,1.65
2014.05.22 06:19:56.105,1.01041,1.01063,1.08,1.65
2014.05.22 06:19:56.586,1.01046,1.01065,1.00,2.70
2014.05.22 06:19:56.791,1.01046,1.01067,2.25,2.33
2014.05.22 06:19:56.892,1.01046,1.01069,2.33,3.45
2014.05.22 06:19:57.663,1.01043,1.01064,1.15,1.15
2014.05.22 06:19:57.864,1.01043,1.01064,1.15,1.15
2014.05.22 06:19:57.967,1.0104,1.01058,1.28,1.10
2014.05.22 06:19:58.918,1.0104,1.01054,1.08,1.00
2014.05.22 06:19:58.968,1.01036,1.01054,1.15,2.25
2014.05.22 06:19:59.069,1.01032,1.01054,2.33,2.33
2014.05.22 06:19:59.120,1.01032,1.01053,3.08,1.18
2014.05.22 06:19:59.171,1.01032,1.01051,1.15,1.65
2014.05.22 06:19:59.324,1.01033,1.01051,2.33,1.50
2014.05.22 06:19:59.425,1.01036,1.01056,2.40,1.18
2014.05.22 06:19:59.525,1.01036,1.01059,2.40,2.40
2014.05.22 06:20:00.546,1.01037,1.01053,1.65,1.00
2014.05.22 06:20:01.095,1.01034,1.01054,2.33,1.00
2014.05.22 06:20:01.416,1.01033,1.01051,3.08,1.50
2014.05.22 06:20:01.757,1.01033,1.01048,2.33,1.00
2014.05.22 06:20:02.088,1.01028,1.01041,1.18,1.50
2014.05.22 06:20:02.139,1.01031,1.0105,1.00,2.78
2014.05.22 06:20:02.350,1.01031,1.0105,1.08,1.08
2014.05.22 06:20:02.400,1.01031,1.01051,1.15,1.00
2014.05.22 06:20:03.005,1.01031,1.01052,1.15,1.20
2014.05.22 06:20:03.747,1.01028,1.01049,4.50,1.00
2014.05.22 06:20:04.287,1.01032,1.01052,1.15,2.03
2014.05.22 06:20:04.663,1.01032,1.01053,1.15,1.28
2014.05.22 06:20:04.867,1.01032,1.01053,1.15,1.18
2014.05.22 06:20:05.056,1.01036,1.01055,1.00,2.40
2014.05.22 06:20:05.193,1.01036,1.01055,1.00,1.15
2014.05.22 06:20:05.834,1.01036,1.01057,1.08,1.18
2014.05.22 06:20:05.884,1.01039,1.01058,1.50,1.28
2014.05.22 06:20:06.036,1.01041,1.01062,1.10,3.08
2014.05.22 06:20:06.620,1.01046,1.0106,1.00,1.15
2014.05.22 06:20:07.149,1.01043,1.01062,1.50,3.08
2014.05.22 06:20:07.250,1.01041,1.01062,1.10,3.08
2014.05.22 06:20:07.806,1.01042,1.01062,1.00,3.08
2014.05.22 06:20:08.934,1.01041,1.01061,1.00,1.28
2014.05.22 06:20:08.991,1.01041,1.01061,1.00,1.28
2014.05.22 06:20:09.127,1.01047,1.01061,1.00,1.28
2014.05.22 06:20:09.379,1.01039,1.01057,1.08,1.58
2014.05.22 06:20:09.430,1.01037,1.01057,1.10,1.65
2014.05.22 06:20:09.586,1.01041,1.01057,1.00,2.03
2014.05.22 06:20:09.788,1.01042,1.01056,1.00,1.28
2014.05.22 06:20:10.886,1.01041,1.0106,1.00,3.53
2014.05.22 06:20:13.856,1.01042,1.01059,1.00,1.15
2014.05.22 06:20:18.806,1.01037,1.01058,1.15,1.15
2014.05.22 06:20:19.924,1.01037,1.01058,1.15,1.18
2014.05.22 06:20:19.974,1.01037,1.01058,1.15,1.10
2014.05.22 06:20:21.375,1.01042,1.0106,1.00,1.28
2014.05.22 06:20:21.611,1.01036,1.01059,2.78,3.00
2014.05.22 06:20:22.152,1.01036,1.01057,1.18,1.15
2014.05.22 06:20:22.477,1.01041,1.01057,1.00,1.15
2014.05.22 06:20:22.528,1.01041,1.0106,1.00,1.53
2014.05.22 06:20:22.730,1.01041,1.01061,1.00,1.28
2014.05.22 06:20:23.853,1.01041,1.01058,1.00,1.65
2014.05.22 06:20:25.440,1.01042,1.01061,1.00,1.73
2014.05.22 06:20:25.491,1.01042,1.01061,1.08,1.08
2014.05.22 06:20:30.328,1.01042,1.01062,1.08,1.28
2014.05.22 06:20:30.795,1.01046,1.01062,1.00,1.28
2014.05.22 06:20:31.565,1.01042,1.01062,1.15,1.28
2014.05.22 06:20:31.886,1.01042,1.01059,1.15,1.50
2014.05.22 06:20:31.998,1.01042,1.01059,1.10,1.50
2014.05.22 06:20:32.556,1.01037,1.01058,3.45,1.00
2014.05.22 06:20:44.545,1.01037,1.01058,2.40,1.08
2014.05.22 06:20:53.764,1.01036,1.01059,5.33,1.55
2014.05.22 06:20:53.865,1.01034,1.01054,3.08,2.63
2014.05.22 06:20:53.966,1.01031,1.01054,5.33,2.70
2014.05.22 06:20:54.153,1.01031,1.01054,2.40,2.78
2014.05.22 06:20:54.307,1.01031,1.01053,2.40,1.18
2014.05.22 06:20:55.425,1.01043,1.01055,1.50,1.65
2014.05.22 06:20:55.477,1.01043,1.01055,1.50,1.50
2014.05.22 06:20:55.628,1.01036,1.01055,3.08,1.00
2014.05.22 06:20:55.931,1.01036,1.01057,1.08,2.03
2014.05.22 06:20:58.541,1.01036,1.01055,1.18,1.13
2014.05.22 06:20:58.592,1.01033,1.01053,1.65,1.00
2014.05.22 06:20:59.154,1.01032,1.01052,1.15,1.50
2014.05.22 06:20:59.561,1.01037,1.01053,1.18,1.00
2014.05.22 06:20:59.713,1.01037,1.01055,2.40,1.10
2014.05.22 06:20:59.764,1.01037,1.01055,2.40,1.00
2014.05.22 06:21:00.010,1.01036,1.01055,1.15,1.50
2014.05.22 06:21:00.162,1.01035,1.01053,1.15,1.50
2014.05.22 06:21:00.447,1.01037,1.01057,1.18,1.95
2014.05.22 06:21:02.361,1.01034,1.01054,3.83,1.00
2014.05.22 06:21:02.470,1.01032,1.01053,4.50,1.88
2014.05.22 06:21:02.571,1.01032,1.01053,1.15,1.20
2014.05.22 06:21:12.926,1.01037,1.01056,1.00,1.53
2014.05.22 06:21:13.246,1.01036,1.01056,1.08,2.03
2014.05.22 06:21:15.642,1.01041,1.01056,1.50,1.28
2014.05.22 06:21:15.743,1.01041,1.01056,1.50,1.13
2014.05.22 06:21:15.958,1.01039,1.01058,1.65,1.53
2014.05.22 06:21:16.059,1.01039,1.01058,1.65,1.95
2014.05.22 06:21:16.703,1.01037,1.01058,1.15,1.95
2014.05.22 06:21:18.159,1.01044,1.01058,1.50,2.78
2014.05.22 06:21:18.210,1.01044,1.01058,1.50,1.38
2014.05.22 06:21:18.610,1.01044,1.0106,1.50,1.20
2014.05.22 06:21:18.871,1.01047,1.01063,1.50,1.95
2014.05.22 06:21:19.175,1.01042,1.01061,2.25,1.15
2014.05.22 06:21:19.316,1.01042,1.01061,2.25,1.18
2014.05.22 06:21:19.376,1.01042,1.01061,2.25,1.18
2014.05.22 06:21:19.595,1.01042,1.01061,2.33,1.15
2014.05.22 06:21:19.746,1.01042,1.01063,2.40,1.20
2014.05.22 06:21:20.990,1.01042,1.01063,2.40,1.58
2014.05.22 06:21:21.326,1.01042,1.01059,1.00,2.70
2014.05.22 06:21:23.658,1.01041,1.01059,2.25,2.33
2014.05.22 06:21:23.759,1.01043,1.01061,1.50,1.15
2014.05.22 06:21:24.281,1.01042,1.01061,2.25,1.15
2014.05.22 06:21:24.544,1.01042,1.01063,2.40,1.53
2014.05.22 06:21:25.086,1.01042,1.01063,2.40,1.55
2014.05.22 06:21:29.043,1.01042,1.01063,1.00,2.78
2014.05.22 06:21:29.202,1.01045,1.01063,1.50,2.03
2014.05.22 06:21:29.550,1.01047,1.01065,1.00,1.53
2014.05.22 06:21:30.365,1.01045,1.01063,1.50,1.53
2014.05.22 06:21:30.517,1.01042,1.01062,1.00,2.03
2014.05.22 06:21:31.904,1.01041,1.01062,1.10,2.03
2014.05.22 06:21:31.954,1.01041,1.0106,1.10,1.95
2014.05.22 06:21:32.496,1.01042,1.0106,1.00,2.03
2014.05.22 06:21:32.597,1.01038,1.01056,1.15,1.50
2014.05.22 06:21:32.698,1.01038,1.01056,1.00,1.65
2014.05.22 06:21:32.967,1.01036,1.01057,1.10,2.03
2014.05.22 06:21:33.335,1.01036,1.01056,1.00,2.70
2014.05.22 06:21:33.487,1.01036,1.01058,1.08,5.63
2014.05.22 06:21:38.644,1.0104,1.01053,1.50,1.10
2014.05.22 06:21:39.875,1.01038,1.01054,1.50,1.28
2014.05.22 06:21:40.523,1.01035,1.01054,1.65,1.28
2014.05.22 06:21:42.935,1.01038,1.01054,1.50,1.28
2014.05.22 06:21:43.175,1.0104,1.01054,1.50,1.28
2014.05.22 06:21:43.564,1.0104,1.01048,1.50,1.00
2014.05.22 06:21:43.615,1.01032,1.01048,1.13,1.18
2014.05.22 06:21:43.766,1.01029,1.01048,2.33,1.18
2014.05.22 06:21:43.932,1.01038,1.01052,1.50,2.70
2014.05.22 06:21:43.983,1.01038,1.01054,1.50,1.65
2014.05.22 06:21:44.083,1.01038,1.01054,1.50,1.15
2014.05.22 06:21:44.389,1.01034,1.01054,1.50,1.15
2014.05.22 06:21:44.490,1.01034,1.01054,1.50,1.15
2014.05.22 06:21:45.366,1.01037,1.01055,1.00,2.70
2014.05.22 06:21:45.695,1.01032,1.01051,1.00,2.70
2014.05.22 06:21:45.897,1.01029,1.01049,1.50,1.53
2014.05.22 06:21:46.315,1.01031,1.0105,1.00,5.63
2014.05.22 06:21:46.662,1.01035,1.0105,1.50,4.88
2014.05.22 06:21:46.763,1.01035,1.01051,1.50,2.03
2014.05.22 06:21:46.864,1.01035,1.01051,1.50,1.55
2014.05.22 06:21:47.845,1.01032,1.01054,1.58,1.53
2014.05.22 06:21:48.235,1.01032,1.01053,1.00,3.45
2014.05.22 06:21:48.844,1.01032,1.01048,1.50,1.18
2014.05.22 06:21:49.384,1.01034,1.01048,1.50,1.18
2014.05.22 06:21:50.046,1.01032,1.01049,1.00,1.65
2014.05.22 06:21:50.349,1.01032,1.01049,1.00,4.20
2014.05.22 06:21:50.400,1.01027,1.01048,1.15,1.28
2014.05.22 06:21:50.451,1.01027,1.01048,1.15,1.28
2014.05.22 06:21:50.602,1.01027,1.01043,1.15,1.50
2014.05.22 06:21:50.804,1.01026,1.01043,1.10,1.50
2014.05.22 06:21:51.345,1.01027,1.01046,1.18,1.95
2014.05.22 06:21:52.297,1.01027,1.01048,1.00,1.53
2014.05.22 06:21:52.407,1.01031,1.01049,1.00,2.78
2014.05.22 06:21:53.132,1.01031,1.01049,1.00,2.78
2014.05.22 06:21:53.508,1.01031,1.01046,1.00,1.65
2014.05.22 06:21:53.609,1.01026,1.01046,1.10,1.65
2014.05.22 06:21:53.710,1.01026,1.01042,1.10,1.50
2014.05.22 06:21:53.894,1.01026,1.01046,1.10,2.03
2014.05.22 06:21:54.114,1.01026,1.01042,1.10,1.50
2014.05.22 06:21:54.444,1.01026,1.01045,1.10,1.65
2014.05.22 06:21:56.138,1.01032,1.01049,1.00,4.95
2014.05.22 06:21:56.239,1.01032,1.01049,1.00,2.78
2014.05.22 06:21:56.441,1.01031,1.01049,1.10,1.10
2014.05.22 06:21:56.593,1.01032,1.01053,1.18,2.78
2014.05.22 06:21:56.895,1.01032,1.01048,1.18,1.50
2014.05.22 06:21:57.403,1.01032,1.01048,1.15,1.50
2014.05.22 06:21:57.846,1.01032,1.01048,1.10,1.58
2014.05.22 06:21:57.897,1.01027,1.01046,3.08,1.50
2014.05.22 06:21:58.238,1.01027,1.01038,1.08,1.50
2014.05.22 06:21:58.339,1.01026,1.01038,1.00,1.50
2014.05.22 06:21:58.440,1.01026,1.01042,1.00,1.65
2014.05.22 06:21:58.684,1.01022,1.01042,1.10,1.65
2014.05.22 06:21:58.836,1.01021,1.01042,1.65,1.65
2014.05.22 06:21:58.887,1.01021,1.01038,1.65,1.50
2014.05.22 06:21:59.394,1.01021,1.01041,1.15,1.50
2014.05.22 06:22:00.064,1.01027,1.01041,1.00,1.50
2014.05.22 06:22:00.590,1.01022,1.01043,1.15,2.70
2014.05.22 06:22:01.826,1.01021,1.01043,1.15,2.03
2014.05.22 06:22:02.256,1.01021,1.01043,1.15,1.95
2014.05.22 06:22:03.598,1.01027,1.01043,1.00,1.95
2014.05.22 06:22:05.935,1.01021,1.01042,1.15,1.58
2014.05.22 06:22:06.105,1.01021,1.01039,1.15,1.50
2014.05.22 06:22:07.424,1.01021,1.01042,1.15,1.58
2014.05.22 06:22:08.094,1.01027,1.01042,1.00,1.58
2014.05.22 06:22:11.176,1.01021,1.01042,5.25,1.50
2014.05.22 06:22:13.046,1.01021,1.01042,1.15,1.50
2014.05.22 06:22:13.985,1.01021,1.01042,1.15,1.58
2014.05.22 06:22:14.237,1.01021,1.01039,1.00,1.65
2014.05.22 06:22:14.302,1.01021,1.01039,1.00,1.65
2014.05.22 06:22:14.845,1.01017,1.01036,2.33,1.50
2014.05.22 06:22:16.634,1.01018,1.01038,1.65,1.10
2014.05.22 06:22:16.942,1.01021,1.01041,1.18,1.58
2014.05.22 06:22:22.283,1.01022,1.01039,1.10,1.50
2014.05.22 06:22:22.386,1.01021,1.01042,1.18,2.03
2014.05.22 06:22:26.993,1.01021,1.01043,3.08,2.78
2014.05.22 06:22:29.205,1.01026,1.01045,1.08,2.70
2014.05.22 06:22:29.263,1.01026,1.01045,1.08,2.70
2014.05.22 06:22:29.975,1.01027,1.01047,1.00,3.45
2014.05.22 06:22:30.515,1.01021,1.0104,1.65,1.10
2014.05.22 06:22:30.566,1.01021,1.01038,1.08,1.45
2014.05.22 06:22:30.667,1.01017,1.01038,2.25,2.03
2014.05.22 06:22:30.858,1.01017,1.01036,1.00,2.03
2014.05.22 06:22:30.959,1.01011,1.01032,1.15,1.58
2014.05.22 06:22:31.010,1.01011,1.01032,1.18,1.65
2014.05.22 06:22:31.061,1.01011,1.01032,1.20,1.65
2014.05.22 06:22:31.111,1.01016,1.01032,1.00,1.65
2014.05.22 06:22:31.613,1.01017,1.01032,1.00,1.65
2014.05.22 06:22:33.654,1.01016,1.01032,1.00,1.65
2014.05.22 06:22:35.388,1.01017,1.01032,1.00,1.65
2014.05.22 06:22:35.539,1.01017,1.01037,1.20,1.15
2014.05.22 06:22:35.640,1.01016,1.01033,1.15,1.50
2014.05.22 06:22:36.404,1.01016,1.01029,1.15,1.50
2014.05.22 06:22:38.394,1.01017,1.01035,1.20,1.65
2014.05.22 06:22:50.266,1.01017,1.01036,1.10,2.03
2014.05.22 06:22:50.569,1.01016,1.01025,1.10,1.50
2014.05.22 06:22:50.620,1.01016,1.01027,1.10,2.33
2014.05.22 06:22:50.721,1.01013,1.01027,1.50,1.00
2014.05.22 06:22:50.822,1.01013,1.01031,1.50,1.15
2014.05.22 06:22:50.922,1.01011,1.01031,1.00,1.15
2014.05.22 06:22:51.431,1.01012,1.01031,1.00,1.15
2014.05.22 06:22:52.093,1.01011,1.01031,1.00,1.15
2014.05.22 06:22:55.219,1.01012,1.01031,1.00,1.28
2014.05.22 06:22:55.616,1.01016,1.01031,1.00,1.28
2014.05.22 06:22:55.833,1.01011,1.01031,2.25,1.15
2014.05.22 06:22:57.495,1.01011,1.01031,1.15,1.18
2014.05.22 06:23:00.201,1.01012,1.01033,1.10,1.53
2014.05.22 06:23:00.353,1.01012,1.01033,1.15,1.53
2014.05.22 06:23:02.131,1.01011,1.01034,3.83,1.65
2014.05.22 06:23:02.181,1.01012,1.01034,1.65,1.58
2014.05.22 06:23:02.483,1.01014,1.01033,1.10,2.33
2014.05.22 06:23:02.785,1.01007,1.01027,1.15,1.50
2014.05.22 06:23:03.354,1.01009,1.01029,1.15,1.15
2014.05.22 06:23:04.430,1.01008,1.01029,1.28,1.08
2014.05.22 06:23:05.265,1.01008,1.01029,1.28,1.00
2014.05.22 06:23:06.543,1.01008,1.01028,1.28,1.00
2014.05.22 06:23:07.097,1.01008,1.01029,1.28,1.00
2014.05.22 06:23:07.455,1.01006,1.01029,5.63,1.58
2014.05.22 06:23:08.977,1.01007,1.01027,2.03,1.65
2014.05.22 06:23:10.754,1.01007,1.01027,1.15,1.00
2014.05.22 06:23:11.433,1.01007,1.01028,1.15,2.33
2014.05.22 06:23:11.965,1.01007,1.01025,1.18,1.58
2014.05.22 06:23:14.623,1.01003,1.01023,2.70,1.00
2014.05.22 06:23:15.934,1.01007,1.01027,1.18,3.53
2014.05.22 06:23:17.863,1.01007,1.01024,1.18,1.50
2014.05.22 06:23:18.684,1.01004,1.01023,1.15,1.00
2014.05.22 06:23:19.183,1.01007,1.01027,1.18,3.53
2014.05.22 06:23:21.235,1.01007,1.01029,1.65,1.15
2014.05.22 06:23:21.286,1.01007,1.01029,1.65,1.18
2014.05.22 06:23:21.639,1.01012,1.0103,1.00,1.65
2014.05.22 06:23:21.689,1.01012,1.0103,1.18,1.58
2014.05.22 06:23:21.740,1.01015,1.01032,1.50,1.15
2014.05.22 06:23:21.936,1.01011,1.01032,1.15,1.28
2014.05.22 06:23:21.996,1.01011,1.0103,1.18,1.20
2014.05.22 06:23:22.543,1.01008,1.01028,1.65,1.18
2014.05.22 06:23:23.413,1.01012,1.01028,1.00,1.18
2014.05.22 06:23:23.726,1.01012,1.01031,1.15,1.20
2014.05.22 06:23:33.522,1.01011,1.01031,2.40,1.18
2014.05.22 06:23:33.612,1.01011,1.01031,2.33,1.15
2014.05.22 06:23:35.352,1.01011,1.01029,1.08,1.58
2014.05.22 06:23:35.663,1.01011,1.01029,1.20,1.65
2014.05.22 06:23:35.814,1.01011,1.01029,1.18,1.58
2014.05.22 06:23:35.972,1.01011,1.01029,1.00,1.58
2014.05.22 06:23:39.179,1.01011,1.01029,1.08,1.50
2014.05.22 06:23:39.488,1.01012,1.01027,1.18,1.50
2014.05.22 06:23:40.913,1.01011,1.0103,1.15,1.58
2014.05.22 06:23:41.064,1.01011,1.0103,1.65,1.50
2014.05.22 06:23:49.931,1.01016,1.01035,1.00,1.65
2014.05.22 06:23:50.083,1.01016,1.01035,1.10,1.65
2014.05.22 06:24:08.600,1.01016,1.01035,1.65,1.58
2014.05.22 06:24:08.752,1.01017,1.01035,1.20,1.50
2014.05.22 06:24:09.745,1.01017,1.01035,1.00,1.65
2014.05.22 06:24:10.384,1.01017,1.01035,1.18,1.50
2014.05.22 06:24:11.113,1.01016,1.01033,1.15,1.00
2014.05.22 06:24:11.436,1.01017,1.01029,1.00,1.50
2014.05.22 06:24:11.487,1.01017,1.01036,1.00,1.65
2014.05.22 06:24:11.588,1.01017,1.01036,1.10,1.58
2014.05.22 06:24:11.899,1.01015,1.01033,1.15,1.00
2014.05.22 06:24:12.347,1.01017,1.01036,1.18,1.58
2014.05.22 06:24:13.924,1.01017,1.01036,1.08,1.65
2014.05.22 06:24:13.974,1.01017,1.01036,1.10,1.65
2014.05.22 06:24:14.463,1.01012,1.0103,2.33,2.25
2014.05.22 06:24:14.514,1.01011,1.0103,2.18,2.25
2014.05.22 06:24:14.665,1.01011,1.0103,1.65,1.65
2014.05.22 06:24:14.766,1.01011,1.0103,1.95,2.40
2014.05.22 06:24:15.133,1.0101,1.01021,1.53,1.50
2014.05.22 06:24:15.294,1.01007,1.01021,1.53,1.50
2014.05.22 06:24:15.445,1.01006,1.01027,2.03,1.50
2014.05.22 06:24:15.546,1.01007,1.01027,2.70,1.50
2014.05.22 06:24:17.812,1.01006,1.01027,1.53,1.58
2014.05.22 06:24:18.181,1.01007,1.01022,1.53,1.50
2014.05.22 06:24:18.862,1.01006,1.01022,1.53,1.50
2014.05.22 06:24:19.971,1.01007,1.01027,1.53,1.65
2014.05.22 06:24:20.931,1.01012,1.01028,1.50,1.15
2014.05.22 06:24:21.262,1.01017,1.01031,1.50,1.15
2014.05.22 06:24:21.413,1.01012,1.01032,2.63,2.33
2014.05.22 06:24:27.892,1.01015,1.01031,1.50,1.15
2014.05.22 06:24:28.194,1.01006,1.01023,2.78,1.00
2014.05.22 06:24:28.295,1.01006,1.01023,1.88,1.10
2014.05.22 06:24:28.603,1.01012,1.0103,1.00,1.15
2014.05.22 06:24:28.654,1.01006,1.01029,1.53,1.15
2014.05.22 06:24:28.704,1.01006,1.01029,5.63,1.20
2014.05.22 06:24:29.025,1.01012,1.01027,1.00,1.10
2014.05.22 06:24:29.335,1.01007,1.01027,1.50,5.25
2014.05.22 06:24:29.638,1.01012,1.0103,1.00,2.33
2014.05.22 06:24:30.043,1.01017,1.01031,1.00,2.70
2014.05.22 06:24:30.206,1.01017,1.01033,1.00,3.45
2014.05.22 06:24:30.319,1.01017,1.01034,1.00,1.53
2014.05.22 06:24:30.422,1.01022,1.01034,1.00,1.10
2014.05.22 06:24:30.832,1.01018,1.01039,1.58,2.78
2014.05.22 06:24:31.362,1.01018,1.01037,1.50,1.15
2014.05.22 06:24:31.514,1.01018,1.01038,2.33,1.08
2014.05.22 06:24:31.564,1.01018,1.01038,3.15,1.00
2014.05.22 06:24:31.963,1.01027,1.01043,1.00,2.03
2014.05.22 06:24:33.352,1.01024,1.01044,1.50,5.25
2014.05.22 06:24:33.580,1.01026,1.01044,1.00,2.33
2014.05.22 06:24:34.089,1.01026,1.01045,1.00,2.33
2014.05.22 06:24:34.290,1.01028,1.01048,1.50,1.15
2014.05.22 06:24:34.391,1.01031,1.01049,1.00,1.28
2014.05.22 06:24:34.492,1.01031,1.01049,1.00,1.15
2014.05.22 06:24:34.925,1.01027,1.01048,1.10,1.15
2014.05.22 06:24:35.111,1.01029,1.01049,1.50,1.65
2014.05.22 06:24:35.277,1.01029,1.01049,1.58,1.65
2014.05.22 06:24:35.333,1.01031,1.01049,1.00,1.15
2014.05.22 06:24:35.952,1.01031,1.0105,1.08,2.03
2014.05.22 06:24:38.002,1.01029,1.01048,1.58,1.18
2014.05.22 06:24:38.081,1.01029,1.01043,1.58,1.00
2014.05.22 06:24:38.305,1.01027,1.01048,1.65,1.18
2014.05.22 06:24:38.903,1.01029,1.01043,1.58,1.00
2014.05.22 06:24:39.416,1.01027,1.01043,1.15,1.00
2014.05.22 06:24:40.281,1.01027,1.01048,1.65,1.10
2014.05.22 06:24:41.431,1.01033,1.01049,1.50,1.08
2014.05.22 06:24:42.548,1.01033,1.01049,1.50,1.08
2014.05.22 06:24:43.019,1.01026,1.01044,1.65,1.00
2014.05.22 06:24:43.528,1.01026,1.01043,1.65,1.00
2014.05.22 06:24:44.604,1.01024,1.01043,1.15,1.00
2014.05.22 06:24:45.345,1.01024,1.01044,1.15,1.20
2014.05.22 06:24:45.405,1.01025,1.01044,2.33,1.10
2014.05.22 06:24:45.562,1.01027,1.01047,1.15,1.50
2014.05.22 06:24:45.924,1.01028,1.01048,2.70,1.00
2014.05.22 06:24:46.147,1.01026,1.01049,4.20,1.00
2014.05.22 06:24:47.151,1.01027,1.01048,1.53,1.00
2014.05.22 06:24:47.302,1.01027,1.01047,1.18,1.65
2014.05.22 06:24:47.493,1.01027,1.01049,1.53,1.18
2014.05.22 06:24:47.545,1.01032,1.01053,1.00,4.58
2014.05.22 06:24:47.596,1.01032,1.01053,1.00,2.40
2014.05.22 06:24:48.862,1.01028,1.01048,2.03,1.00
2014.05.22 06:24:49.239,1.01027,1.01048,1.08,1.15
2014.05.22 06:24:54.111,1.01027,1.01048,1.08,1.15
2014.05.22 06:24:54.767,1.01027,1.01048,1.10,3.08
2014.05.22 06:25:01.903,1.01027,1.01048,1.10,1.15
2014.05.22 06:25:02.075,1.01027,1.01048,1.10,1.15
2014.05.22 06:25:03.713,1.01037,1.01051,1.00,4.20
2014.05.22 06:25:15.221,1.01037,1.01052,1.00,3.45
2014.05.22 06:25:15.322,1.01037,1.01052,1.00,1.28
2014.05.22 06:25:16.684,1.01037,1.01051,1.00,2.03
2014.05.22 06:25:17.214,1.01037,1.01053,1.00,2.70
2014.05.22 06:25:17.765,1.01037,1.01054,1.00,2.70
2014.05.22 06:25:18.753,1.01037,1.0105,1.00,2.70
2014.05.22 06:25:19.131,1.01037,1.01053,1.00,1.65
2014.05.22 06:25:19.333,1.01037,1.01053,1.00,1.10
2014.05.22 06:25:20.751,1.01037,1.01056,1.00,3.45
2014.05.22 06:25:21.003,1.01037,1.01054,1.00,1.20
2014.05.22 06:25:21.105,1.01037,1.01056,1.20,1.20
2014.05.22 06:25:21.155,1.01036,1.01056,1.08,1.18
2014.05.22 06:25:21.458,1.01036,1.01054,1.00,1.15
2014.05.22 06:25:21.509,1.01036,1.01054,1.00,1.20
2014.05.22 06:25:21.609,1.01041,1.01054,1.00,1.20
2014.05.22 06:25:21.761,1.01041,1.0106,1.18,1.18
2014.05.22 06:25:22.508,1.01041,1.0106,1.00,1.15
2014.05.22 06:25:23.333,1.01039,1.01058,1.65,1.20
2014.05.22 06:25:23.674,1.01037,1.01057,1.00,1.65
2014.05.22 06:25:24.187,1.01038,1.01058,1.58,1.28
2014.05.22 06:25:29.616,1.01042,1.0106,1.00,3.45
2014.05.22 06:25:29.768,1.01042,1.0106,1.08,1.28
2014.05.22 06:25:29.819,1.01042,1.0106,1.08,1.20
2014.05.22 06:25:30.189,1.01048,1.01062,1.50,1.15
2014.05.22 06:25:30.240,1.01048,1.01062,1.50,1.00
2014.05.22 06:25:30.885,1.01048,1.01064,1.50,1.18
2014.05.22 06:25:32.404,1.01051,1.01066,1.50,1.53
2014.05.22 06:25:32.555,1.01051,1.01066,1.50,1.00
2014.05.22 06:25:32.706,1.01054,1.01072,1.50,3.45
2014.05.22 06:25:32.757,1.01054,1.01072,1.50,1.53
2014.05.22 06:25:32.908,1.01054,1.01073,1.65,1.20
2014.05.22 06:25:32.959,1.01058,1.01073,1.50,1.20
2014.05.22 06:25:33.319,1.01056,1.01073,1.50,1.58
2014.05.22 06:25:34.367,1.01056,1.01073,1.50,1.55
2014.05.22 06:25:35.323,1.01056,1.01068,1.50,1.00
2014.05.22 06:25:35.475,1.0105,1.01068,1.00,1.18
2014.05.22 06:25:35.677,1.01049,1.01069,1.50,3.45
2014.05.22 06:25:36.093,1.01052,1.01069,2.25,2.70
2014.05.22 06:25:36.421,1.01056,1.01073,1.50,3.45
2014.05.22 06:25:37.683,1.01052,1.01068,1.58,1.10
2014.05.22 06:25:37.885,1.0105,1.01068,1.50,1.18
2014.05.22 06:25:38.210,1.01054,1.01072,1.50,2.70
2014.05.22 06:25:38.414,1.01052,1.01073,1.50,2.70
2014.05.22 06:25:38.972,1.01053,1.01074,1.50,5.63
2014.05.22 06:25:40.157,1.01053,1.01074,1.58,1.53
2014.05.22 06:25:44.174,1.01054,1.01073,1.58,1.15
2014.05.22 06:25:44.393,1.01054,1.01073,2.25,1.18
2014.05.22 06:25:44.544,1.01052,1.01073,3.90,1.18
2014.05.22 06:25:50.932,1.01051,1.01074,1.95,3.08
2014.05.22 06:25:50.984,1.01051,1.01073,1.50,2.70
2014.05.22 06:26:00.183,1.01052,1.01072,1.00,1.28
2014.05.22 06:26:01.061,1.0105,1.01068,1.10,1.10
2014.05.22 06:26:03.510,1.0105,1.01068,1.58,1.00
2014.05.22 06:26:06.306,1.0105,1.01068,1.65,1.08
2014.05.22 06:26:16.104,1.01051,1.01072,1.08,1.28
2014.05.22 06:26:20.353,1.0105,1.01068,1.15,1.00
2014.05.22 06:26:22.291,1.0105,1.01069,1.15,1.10
2014.05.22 06:26:32.700,1.01052,1.01071,1.18,1.08
2014.05.22 06:26:32.751,1.01056,1.01073,1.00,1.10
2014.05.22 06:26:32.852,1.01056,1.01073,1.15,1.00
2014.05.22 06:26:32.902,1.01057,1.01077,1.18,1.65
2014.05.22 06:26:32.953,1.01057,1.01078,1.65,1.20
2014.05.22 06:26:33.054,1.01059,1.01078,1.15,1.20
2014.05.22 06:26:33.372,1.01059,1.01083,1.28,1.28
2014.05.22 06:26:34.681,1.01062,1.01083,1.65,1.10
2014.05.22 06:26:35.737,1.01062,1.01084,1.15,1.65
2014.05.22 06:26:35.838,1.01062,1.01083,1.18,2.33
2014.05.22 06:26:36.410,1.01062,1.01078,1.10,1.10
2014.05.22 06:26:36.511,1.01058,1.01078,1.00,1.15
2014.05.22 06:26:36.815,1.01058,1.01078,1.08,1.18
2014.05.22 06:26:37.321,1.01058,1.01073,1.65,1.00
2014.05.22 06:26:37.841,1.01058,1.01079,1.18,1.15
2014.05.22 06:26:37.942,1.01058,1.01079,1.15,1.15
2014.05.22 06:26:40.221,1.01056,1.01079,1.15,1.28
2014.05.22 06:26:40.272,1.01056,1.01079,1.18,1.53
2014.05.22 06:26:40.423,1.01054,1.01074,1.15,1.08
2014.05.22 06:26:40.725,1.01054,1.01069,1.00,1.10
2014.05.22 06:26:40.877,1.0105,1.01069,1.13,1.15
2014.05.22 06:26:46.356,1.01051,1.0107,1.18,1.18
2014.05.22 06:26:46.407,1.01051,1.0107,1.15,1.20
2014.05.22 06:26:46.957,1.01051,1.0107,1.10,1.18
2014.05.22 06:26:58.804,1.0105,1.01068,1.10,1.18
2014.05.22 06:27:01.913,1.0105,1.01068,1.08,1.20
2014.05.22 06:27:09.433,1.01052,1.01071,1.00,1.15
2014.05.22 06:27:09.543,1.01052,1.01073,1.15,1.65
2014.05.22 06:27:09.643,1.01056,1.01073,1.00,1.15
2014.05.22 06:27:10.052,1.01057,1.01077,1.20,1.53
2014.05.22 06:27:16.661,1.01057,1.01075,1.10,1.18
2014.05.22 06:27:16.812,1.01054,1.01073,1.10,1.15
2014.05.22 06:27:16.913,1.01052,1.01073,1.10,1.65
2014.05.22 06:27:17.323,1.01053,1.01073,1.15,1.18
2014.05.22 06:27:17.700,1.01057,1.01075,1.10,1.18
2014.05.22 06:27:18.708,1.01056,1.01078,1.15,1.18
2014.05.22 06:27:27.221,1.01057,1.01079,1.15,1.10
2014.05.22 06:27:27.729,1.01061,1.0108,1.15,1.00
2014.05.22 06:27:29.511,1.01061,1.0108,1.08,1.18
2014.05.22 06:27:29.765,1.01057,1.01077,1.15,1.10
2014.05.22 06:27:29.865,1.01057,1.01077,1.18,1.15
2014.05.22 06:27:31.405,1.01057,1.01075,1.08,1.18
2014.05.22 06:27:31.456,1.01051,1.01074,2.03,2.40
2014.05.22 06:27:31.557,1.01051,1.01074,1.65,2.78
2014.05.22 06:27:31.758,1.01052,1.01071,1.00,1.15
2014.05.22 06:27:31.859,1.01049,1.01068,1.65,1.00
2014.05.22 06:27:37.680,1.01049,1.01069,2.40,1.00
2014.05.22 06:27:42.854,1.01049,1.01068,2.40,1.00
2014.05.22 06:27:45.272,1.01049,1.01068,3.83,1.00
2014.05.22 06:27:45.834,1.01049,1.01069,4.58,1.00
2014.05.22 06:27:51.403,1.01055,1.01069,1.50,1.00
2014.05.22 06:27:51.930,1.01053,1.01069,1.58,1.00
2014.05.22 06:27:53.200,1.0105,1.01069,1.15,1.20
2014.05.22 06:27:53.903,1.01049,1.01069,1.65,1.08
2014.05.22 06:28:02.448,1.01049,1.01069,1.65,1.10
2014.05.22 06:28:02.900,1.01048,1.01068,1.10,2.03
2014.05.22 06:28:03.001,1.01048,1.01068,1.00,2.03
2014.05.22 06:28:03.152,1.01046,1.01067,1.18,1.18
2014.05.22 06:28:03.203,1.01051,1.01067,1.50,1.18
2014.05.22 06:28:03.354,1.01051,1.01069,2.33,1.08
2014.05.22 06:28:03.566,1.01049,1.01069,1.10,1.15
2014.05.22 06:28:03.912,1.01051,1.01068,1.00,1.18
2014.05.22 06:28:04.340,1.01051,1.01063,1.00,1.00
2014.05.22 06:28:04.415,1.01049,1.01063,1.10,1.00
2014.05.22 06:28:04.560,1.01049,1.01058,1.10,1.00
2014.05.22 06:28:04.761,1.01047,1.01058,1.10,1.00
2014.05.22 06:28:04.920,1.01044,1.01063,1.55,1.10
2014.05.22 06:28:04.971,1.0105,1.01063,1.50,1.20
2014.05.22 06:28:05.223,1.01045,1.01059,1.00,1.00
2014.05.22 06:28:05.774,1.01043,1.01058,2.03,1.00
2014.05.22 06:28:07.492,1.01043,1.01058,4.20,1.00
2014.05.22 06:28:07.593,1.01043,1.01059,2.03,1.00
2014.05.22 06:28:07.794,1.01044,1.01059,1.15,1.00
2014.05.22 06:28:08.309,1.01044,1.01059,1.15,1.00
2014.05.22 06:28:08.808,1.01043,1.01059,1.65,1.00
2014.05.22 06:28:11.824,1.01043,1.01058,1.65,1.00
2014.05.22 06:28:11.950,1.01049,1.01058,1.50,1.00
2014.05.22 06:28:13.154,1.01049,1.01064,1.58,1.00
2014.05.22 06:28:14.351,1.01049,1.01058,1.58,1.00
2014.05.22 06:28:14.702,1.01043,1.01058,3.15,1.00
2014.05.22 06:28:15.267,1.01043,1.01059,2.78,1.00
2014.05.22 06:28:16.131,1.01049,1.01059,1.50,1.00
2014.05.22 06:28:16.333,1.01049,1.01064,1.50,1.08
2014.05.22 06:28:17.099,1.01049,1.01064,1.50,1.00
2014.05.22 06:28:29.529,1.01049,1.01063,1.50,1.00
2014.05.22 06:28:30.589,1.01052,1.01063,1.50,1.00
2014.05.22 06:28:33.820,1.01052,1.01064,1.50,1.00
2014.05.22 06:28:34.589,1.01052,1.01068,1.50,1.10
2014.05.22 06:28:40.141,1.01052,1.01069,1.58,1.08
2014.05.22 06:28:40.500,1.01059,1.01069,1.50,1.00
2014.05.22 06:28:41.469,1.01054,1.01069,1.65,1.00
2014.05.22 06:28:41.664,1.01051,1.01064,2.63,1.00
2014.05.22 06:28:41.765,1.0105,1.01064,1.65,1.00
2014.05.22 06:28:41.866,1.0105,1.01069,1.65,1.10
2014.05.22 06:28:41.948,1.0105,1.01069,1.65,1.08
2014.05.22 06:28:45.370,1.0105,1.01064,1.08,1.00
2014.05.22 06:28:56.727,1.01049,1.01064,1.58,1.00
2014.05.22 06:28:57.175,1.01046,1.01059,1.15,1.00
2014.05.22 06:28:57.326,1.01044,1.01059,1.58,1.00
2014.05.22 06:28:58.563,1.01044,1.01059,1.65,1.00
2014.05.22 06:28:58.614,1.01044,1.01064,1.65,1.58
2014.05.22 06:28:58.944,1.01047,1.01064,1.65,1.00
2014.05.22 06:29:02.089,1.0105,1.01063,1.58,1.00
2014.05.22 06:29:03.906,1.01048,1.01063,1.50,1.00
2014.05.22 06:29:04.438,1.01045,1.01064,1.53,1.00
2014.05.22 06:29:04.945,1.01045,1.01064,1.53,1.00
2014.05.22 06:29:05.096,1.01045,1.01058,1.53,1.00
2014.05.22 06:29:05.862,1.01044,1.01058,2.78,1.00
2014.05.22 06:29:07.178,1.01044,1.01058,2.78,1.00
2014.05.22 06:29:09.961,1.01044,1.01058,1.65,1.00
2014.05.22 06:29:11.070,1.01044,1.01058,1.58,1.00
2014.05.22 06:29:16.389,1.01044,1.01059,1.58,1.00
2014.05.22 06:29:27.389,1.01043,1.01058,2.40,1.00
2014.05.22 06:29:30.578,1.01043,1.01059,2.40,1.00
2014.05.22 06:29:33.438,1.01043,1.01063,1.18,1.15
2014.05.22 06:29:48.998,1.01042,1.01059,1.65,1.50
2014.05.22 06:29:50.208,1.01042,1.01056,1.65,1.50
2014.05.22 06:29:52.200,1.01042,1.01056,1.65,1.50
2014.05.22 06:29:58.677,1.01042,1.01058,2.03,1.50
2014.05.22 06:30:01.449,1.01042,1.01055,1.50,1.50
2014.05.22 06:30:01.499,1.01038,1.01055,1.65,1.50
2014.05.22 06:30:01.660,1.01038,1.01055,1.53,1.50
2014.05.22 06:30:18.607,1.01038,1.01055,2.03,1.50
2014.05.22 06:30:18.708,1.01046,1.01064,1.15,1.10
2014.05.22 06:30:18.809,1.01049,1.01064,1.15,1.00
2014.05.22 06:30:19.355,1.01048,1.01063,1.95,1.00
2014.05.22 06:30:26.494,1.01048,1.01064,1.08,1.50
2014.05.22 06:30:27.056,1.0105,1.01064,1.00,1.50
2014.05.22 06:30:27.830,1.0105,1.01063,1.00,1.00
2014.05.22 06:30:37.680,1.0105,1.01064,1.00,1.50
2014.05.22 06:30:41.025,1.0105,1.01063,1.00,1.50
2014.05.22 06:30:41.377,1.0105,1.0106,1.00,1.50
2014.05.22 06:30:41.926,1.01049,1.0106,1.00,1.50
2014.05.22 06:30:42.231,1.0105,1.01063,1.00,1.50
2014.05.22 06:30:58.904,1.01048,1.01063,1.00,1.50
2014.05.22 06:30:59.768,1.01047,1.01063,1.10,1.50
2014.05.22 06:31:00.324,1.01048,1.01063,1.00,1.58
2014.05.22 06:31:00.626,1.01041,1.01057,1.25,1.50
2014.05.22 06:31:00.676,1.01041,1.01057,1.50,1.50
2014.05.22 06:31:03.094,1.01041,1.01054,1.00,1.00
2014.05.22 06:31:08.807,1.01041,1.01053,1.00,1.00
2014.05.22 06:31:09.797,1.01041,1.01054,1.00,1.00
2014.05.22 06:31:14.087,1.01041,1.01053,1.00,1.00
2014.05.22 06:31:25.637,1.01042,1.01057,1.00,1.65
2014.05.22 06:31:25.857,1.01041,1.01054,1.00,1.00
2014.05.22 06:31:29.829,1.01042,1.01057,1.00,1.50
2014.05.22 06:31:31.406,1.01042,1.01058,1.00,1.00
2014.05.22 06:31:32.456,1.01041,1.01059,1.00,1.20
2014.05.22 06:31:32.962,1.01041,1.01059,1.15,1.00
2014.05.22 06:31:34.550,1.01041,1.01061,1.15,1.65
2014.05.22 06:31:34.727,1.01041,1.01061,1.15,1.50
2014.05.22 06:31:34.828,1.01042,1.01063,1.10,1.65
2014.05.22 06:31:34.878,1.01042,1.01058,1.10,1.00
2014.05.22 06:31:35.244,1.01042,1.01056,1.00,1.50
2014.05.22 06:31:36.688,1.01043,1.01063,1.00,2.40
2014.05.22 06:31:36.898,1.01047,1.01063,1.00,2.25
2014.05.22 06:31:37.217,1.01046,1.01063,1.15,2.25
2014.05.22 06:31:48.766,1.01047,1.01064,1.15,1.50
2014.05.22 06:31:55.177,1.01049,1.01067,1.10,1.50
2014.05.22 06:32:03.117,1.01048,1.01067,1.95,1.65
2014.05.22 06:32:03.586,1.01048,1.01063,1.58,1.00
2014.05.22 06:32:05.919,1.01051,1.01065,1.00,1.58
2014.05.22 06:32:05.970,1.01051,1.01069,1.00,1.15
2014.05.22 06:32:06.660,1.01051,1.01069,1.10,1.10
2014.05.22 06:32:08.317,1.01049,1.01063,2.03,1.00
2014.05.22 06:32:08.468,1.01049,1.01063,1.95,1.00
2014.05.22 06:32:09.490,1.01049,1.01061,1.00,1.50
2014.05.22 06:32:09.590,1.01048,1.01064,1.58,2.25
2014.05.22 06:32:10.137,1.01049,1.01063,1.00,1.50
2014.05.22 06:32:10.897,1.01049,1.0106,1.00,1.50
2014.05.22 06:32:11.098,1.01048,1.01063,1.00,1.50
2014.05.22 06:32:12.427,1.01049,1.01065,1.00,1.65
2014.05.22 06:32:13.136,1.01049,1.01065,1.08,1.58
2014.05.22 06:32:13.407,1.01048,1.01069,1.65,2.33
2014.05.22 06:32:14.386,1.01049,1.01069,2.33,2.33
2014.05.22 06:32:15.365,1.01048,1.01069,3.83,2.25
2014.05.22 06:32:19.124,1.01049,1.01069,2.33,2.25
2014.05.22 06:32:19.548,1.01051,1.01074,1.65,2.78
2014.05.22 06:32:19.856,1.01052,1.01074,2.33,2.33
2014.05.22 06:32:20.737,1.01055,1.01074,2.70,1.00
2014.05.22 06:32:20.888,1.01057,1.01078,3.08,1.58
2014.05.22 06:32:21.227,1.01057,1.01073,2.33,1.00
2014.05.22 06:32:21.754,1.01056,1.01073,2.33,1.00
2014.05.22 06:32:36.098,1.01054,1.01073,2.03,1.00
2014.05.22 06:32:40.326,1.01054,1.01078,1.53,1.15
2014.05.22 06:32:42.959,1.01056,1.01079,1.18,1.28
2014.05.22 06:33:03.122,1.01056,1.01079,1.15,1.28
2014.05.22 06:33:04.598,1.01056,1.01079,1.15,1.28
2014.05.22 06:33:10.172,1.01057,1.01073,1.15,1.00
2014.05.22 06:33:10.273,1.01055,1.01073,1.20,1.00
2014.05.22 06:33:10.465,1.01055,1.01073,1.20,1.00
2014.05.22 06:33:11.243,1.01055,1.01074,1.28,1.10
2014.05.22 06:33:26.598,1.01055,1.01074,1.10,1.10
2014.05.22 06:33:27.955,1.01055,1.01073,1.10,1.00
2014.05.22 06:33:37.114,1.01059,1.01073,1.50,1.00
2014.05.22 06:33:37.985,1.01059,1.01073,1.58,1.00
2014.05.22 06:33:38.136,1.01059,1.01078,1.65,1.10
2014.05.22 06:33:38.187,1.01062,1.01078,1.00,1.10
2014.05.22 06:33:38.544,1.01058,1.01078,2.70,1.58
2014.05.22 06:33:38.595,1.01057,1.01078,1.53,1.65
2014.05.22 06:33:39.151,1.01059,1.01079,1.00,1.15
2014.05.22 06:33:39.926,1.01058,1.01079,1.20,1.15
2014.05.22 06:33:42.295,1.01058,1.01073,1.20,1.00
2014.05.22 06:33:43.385,1.01059,1.01073,1.50,1.00
2014.05.22 06:33:44.707,1.01059,1.01073,1.88,1.00
2014.05.22 06:33:45.022,1.0107,1.01079,1.50,1.00
2014.05.22 06:33:45.184,1.01067,1.01079,1.50,1.00
2014.05.22 06:33:45.393,1.01065,1.01073,1.50,1.00
2014.05.22 06:33:45.854,1.01065,1.01079,1.50,1.00
2014.05.22 06:33:45.954,1.01068,1.01079,1.50,1.00
2014.05.22 06:33:47.395,1.01065,1.01074,1.50,1.00
2014.05.22 06:33:47.594,1.01065,1.01078,1.50,1.00
2014.05.22 06:33:47.676,1.01068,1.01078,1.50,1.00
2014.05.22 06:33:48.215,1.01069,1.01079,1.50,1.00
2014.05.22 06:33:48.802,1.01068,1.01079,1.50,1.00
2014.05.22 06:33:50.914,1.01061,1.01074,2.40,1.00
2014.05.22 06:33:51.251,1.01061,1.01069,1.65,1.00
2014.05.22 06:33:53.000,1.01059,1.01068,1.65,1.00
2014.05.22 06:33:55.054,1.01059,1.01073,1.65,1.00
2014.05.22 06:33:55.155,1.01062,1.01073,1.58,1.00
2014.05.22 06:33:55.407,1.01065,1.01078,1.50,1.00
2014.05.22 06:33:55.608,1.01065,1.01074,1.50,1.00
2014.05.22 06:33:56.079,1.01062,1.01073,2.33,1.00
2014.05.22 06:34:06.874,1.01062,1.01074,1.58,1.00
2014.05.22 06:34:07.813,1.01064,1.01073,1.50,1.00
2014.05.22 06:34:07.864,1.01064,1.0107,1.50,1.00
2014.05.22 06:34:08.959,1.01062,1.01069,1.58,1.00
2014.05.22 06:34:10.566,1.01062,1.01074,1.58,1.00
2014.05.22 06:34:16.104,1.01062,1.01074,1.50,1.00
2014.05.22 06:34:20.793,1.01062,1.01069,1.50,1.00
2014.05.22 06:34:21.636,1.0106,1.01069,1.65,1.00
2014.05.22 06:34:22.366,1.0106,1.0107,4.20,1.00
2014.05.22 06:34:22.570,1.01062,1.01074,3.08,1.00
2014.05.22 06:34:23.128,1.01062,1.01073,4.58,1.00
2014.05.22 06:34:23.333,1.01062,1.01074,1.58,1.00
2014.05.22 06:34:29.128,1.01062,1.01074,2.40,1.00
2014.05.22 06:34:29.448,1.01062,1.01074,3.83,1.00
2014.05.22 06:34:29.670,1.01062,1.01073,1.65,1.00
2014.05.22 06:34:30.126,1.01065,1.01073,1.50,1.00
2014.05.22 06:34:30.653,1.01061,1.01074,1.50,1.00
2014.05.22 06:34:41.327,1.01062,1.01074,2.25,1.00
2014.05.22 06:34:41.378,1.01062,1.01078,3.00,1.00
2014.05.22 06:34:41.428,1.01073,1.01078,1.50,1.00
2014.05.22 06:34:41.681,1.01068,1.01078,1.50,1.00
2014.05.22 06:34:41.903,1.01073,1.01079,1.50,1.00
2014.05.22 06:34:42.206,1.0107,1.01078,1.50,1.00
2014.05.22 06:34:42.590,1.0107,1.01084,1.50,1.00
2014.05.22 06:34:42.642,1.01072,1.01084,1.50,1.00
2014.05.22 06:34:42.995,1.01077,1.01084,1.50,1.00
2014.05.22 06:34:43.189,1.01072,1.01084,1.58,1.00
2014.05.22 06:34:45.308,1.01072,1.01084,1.50,1.18
2014.05.22 06:34:45.408,1.01064,1.01079,1.55,1.00
2014.05.22 06:34:45.560,1.01062,1.01079,1.18,1.08
2014.05.22 06:34:45.862,1.01061,1.01079,1.18,1.18
2014.05.22 06:34:45.912,1.01057,1.01073,6.08,1.00
2014.05.22 06:34:46.215,1.01057,1.01073,1.15,1.00
2014.05.22 06:34:46.316,1.01057,1.01073,1.08,1.00
2014.05.22 06:34:55.603,1.01057,1.01078,1.18,1.28
2014.05.22 06:34:55.654,1.01058,1.01078,1.20,1.10
2014.05.22 06:34:56.158,1.01061,1.01079,1.65,1.00
2014.05.22 06:34:56.494,1.01061,1.01079,1.65,1.00
2014.05.22 06:34:57.412,1.01061,1.01079,1.58,1.08
2014.05.22 06:35:18.159,1.01061,1.01079,2.70,1.10
2014.05.22 06:35:19.569,1.01061,1.01079,2.78,1.08
2014.05.22 06:35:33.936,1.01061,1.01079,1.10,1.15
2014.05.22 06:35:34.392,1.01058,1.01079,1.13,1.15
2014.05.22 06:35:34.644,1.01057,1.01071,1.68,1.50
2014.05.22 06:35:34.845,1.01056,1.01071,1.00,1.58
2014.05.22 06:35:36.501,1.01057,1.01073,1.00,1.65
2014.05.22 06:35:36.652,1.01057,1.01077,1.00,2.40
2014.05.22 06:35:37.627,1.01057,1.01077,1.00,2.40
2014.05.22 06:35:37.903,1.01062,1.01077,1.00,2.40
2014.05.22 06:35:44.882,1.01062,1.01074,1.00,1.58
2014.05.22 06:35:45.084,1.01057,1.01072,1.00,1.58
2014.05.22 06:35:54.892,1.01056,1.01073,1.00,1.65
2014.05.22 06:35:55.000,1.01056,1.01075,1.00,1.15
2014.05.22 06:35:55.534,1.01057,1.01073,1.00,2.33
2014.05.22 06:35:55.672,1.01057,1.01073,1.00,2.70
2014.05.22 06:35:56.052,1.01056,1.01073,1.00,2.03
2014.05.22 06:35:59.162,1.01056,1.01073,1.00,2.78
2014.05.22 06:35:59.603,1.01062,1.01076,1.00,1.65
2014.05.22 06:35:59.654,1.01062,1.01076,1.00,2.33
2014.05.22 06:35:59.905,1.01056,1.01071,1.28,1.50
2014.05.22 06:36:00.006,1.01056,1.01071,1.08,1.50
2014.05.22 06:36:00.782,1.01056,1.01071,1.00,1.65
2014.05.22 06:36:01.447,1.01056,1.01073,1.10,2.40
2014.05.22 06:36:01.600,1.01052,1.01068,1.15,1.00
2014.05.22 06:36:01.701,1.01052,1.01068,1.18,1.00
2014.05.22 06:36:02.672,1.01052,1.01068,1.00,1.10
2014.05.22 06:36:04.943,1.01052,1.01068,1.18,1.00
2014.05.22 06:36:16.643,1.01052,1.01072,1.55,1.65
2014.05.22 06:36:16.694,1.01056,1.01073,1.00,1.15
2014.05.22 06:36:16.795,1.01058,1.01073,1.20,1.00
2014.05.22 06:36:16.996,1.01058,1.01076,1.18,1.50
2014.05.22 06:36:17.097,1.01058,1.01076,1.15,1.50
2014.05.22 06:36:17.541,1.01058,1.01076,1.15,1.50
2014.05.22 06:36:21.353,1.01057,1.01076,1.20,1.65
2014.05.22 06:36:22.832,1.01057,1.01076,1.18,1.58
2014.05.22 06:36:22.882,1.01059,1.01078,2.03,1.65
2014.05.22 06:36:23.134,1.01061,1.01079,1.08,1.18
2014.05.22 06:36:23.977,1.01061,1.01079,1.18,1.10
2014.05.22 06:36:26.901,1.01058,1.01078,4.20,1.00
2014.05.22 06:36:27.219,1.01058,1.01075,1.65,1.50
2014.05.22 06:36:27.270,1.01058,1.01076,1.18,1.50
2014.05.22 06:36:30.092,1.01058,1.01076,1.18,1.50
2014.05.22 06:36:30.861,1.01059,1.01074,1.08,1.00
2014.05.22 06:36:30.963,1.01057,1.01073,1.20,1.50
2014.05.22 06:36:31.165,1.01056,1.01076,1.15,1.65
2014.05.22 06:36:31.215,1.01056,1.01076,1.15,1.58
2014.05.22 06:36:37.688,1.01056,1.01076,1.65,1.65
2014.05.22 06:36:37.739,1.01056,1.0107,1.65,1.50
2014.05.22 06:36:37.941,1.01056,1.01075,1.53,1.58
2014.05.22 06:36:37.992,1.01058,1.01075,1.18,1.58
2014.05.22 06:36:39.342,1.01058,1.01077,1.15,1.50
2014.05.22 06:36:46.432,1.01058,1.01074,1.15,1.00
2014.05.22 06:36:47.042,1.01055,1.01074,1.15,1.08
2014.05.22 06:36:47.414,1.01055,1.01069,1.18,1.00
2014.05.22 06:36:51.697,1.01055,1.01069,1.18,1.00
2014.05.22 06:36:51.848,1.01055,1.01073,1.53,1.00
2014.05.22 06:36:52.050,1.01056,1.01073,2.70,1.00
2014.05.22 06:36:52.151,1.01054,1.01073,1.28,1.00
2014.05.22 06:36:53.411,1.01054,1.01069,1.28,1.00
2014.05.22 06:36:53.732,1.01052,1.01069,1.28,1.00
2014.05.22 06:36:54.902,1.01052,1.01071,2.03,1.50
2014.05.22 06:36:55.003,1.01052,1.01073,2.03,1.20
2014.05.22 06:36:55.495,1.01052,1.01073,6.38,1.00
2014.05.22 06:36:56.076,1.01052,1.01073,2.03,1.08
2014.05.22 06:36:56.535,1.01052,1.01072,2.03,1.58
2014.05.22 06:36:56.586,1.01052,1.01068,1.28,1.00
2014.05.22 06:36:57.921,1.01052,1.01073,1.65,1.18
2014.05.22 06:36:59.864,1.01052,1.01069,1.15,1.00
2014.05.22 06:37:01.212,1.01053,1.01073,1.15,1.18
2014.05.22 06:37:02.371,1.01053,1.01073,1.18,1.18
2014.05.22 06:37:02.422,1.01053,1.01069,1.18,1.00
2014.05.22 06:37:02.472,1.01051,1.01069,1.15,1.10
2014.05.22 06:37:03.029,1.01051,1.01069,1.18,1.10
2014.05.22 06:37:10.840,1.01054,1.01069,1.50,1.10
2014.05.22 06:37:10.992,1.01056,1.01075,1.00,1.28
2014.05.22 06:37:11.301,1.01055,1.01074,1.15,2.25
2014.05.22 06:37:11.841,1.01053,1.01073,1.15,1.50
2014.05.22 06:37:12.191,1.01053,1.01073,1.18,1.58
2014.05.22 06:37:12.652,1.01056,1.01074,1.00,1.18
2014.05.22 06:37:13.153,1.01056,1.01076,1.08,1.15
2014.05.22 06:37:13.920,1.01056,1.01074,1.00,1.15
2014.05.22 06:37:14.254,1.01056,1.01072,1.00,1.65
2014.05.22 06:37:16.572,1.01052,1.01068,1.10,1.00
2014.05.22 06:37:28.122,1.01051,1.01069,1.18,1.00
2014.05.22 06:37:29.256,1.01051,1.01069,1.10,1.08
2014.05.22 06:37:29.712,1.01051,1.01069,1.10,1.18
2014.05.22 06:37:29.867,1.01051,1.01069,1.08,1.10
2014.05.22 06:37:30.169,1.01051,1.01064,1.18,1.50
2014.05.22 06:37:30.220,1.01049,1.01064,1.15,1.50
2014.05.22 06:37:46.478,1.01046,1.01064,1.15,1.50
2014.05.22 06:37:47.360,1.01046,1.01064,1.15,1.50
2014.05.22 06:37:50.138,1.01046,1.01063,1.18,1.00
2014.05.22 06:37:50.189,1.01046,1.01061,1.18,1.50
2014.05.22 06:37:50.441,1.01045,1.01066,2.03,1.65
2014.05.22 06:37:50.492,1.01045,1.01066,1.28,1.58
2014.05.22 06:37:50.542,1.01045,1.01066,1.28,1.50
2014.05.22 06:38:05.908,1.01042,1.01063,2.03,1.65
2014.05.22 06:38:06.059,1.01041,1.01064,1.65,2.78
2014.05.22 06:38:06.162,1.0104,1.01059,1.15,1.00
2014.05.22 06:38:08.041,1.01038,1.01058,5.25,1.00
2014.05.22 06:38:17.609,1.01038,1.01059,5.25,1.00
2014.05.22 06:38:20.494,1.01038,1.01059,1.15,1.10
2014.05.22 06:38:21.105,1.01038,1.01059,1.15,1.08
2014.05.22 06:38:21.156,1.01038,1.01059,1.15,1.15
2014.05.22 06:38:23.730,1.01038,1.01059,1.15,1.10
2014.05.22 06:38:31.071,1.01046,1.01062,1.00,1.15
2014.05.22 06:38:35.228,1.01042,1.01058,1.00,1.00
2014.05.22 06:38:35.310,1.01042,1.01058,1.08,1.00
2014.05.22 06:38:36.989,1.01047,1.01061,1.00,1.10
2014.05.22 06:38:42.049,1.01042,1.01058,1.15,1.00
2014.05.22 06:38:42.219,1.01042,1.01058,1.10,1.00
2014.05.22 06:38:46.598,1.01043,1.01058,1.50,1.00
2014.05.22 06:38:50.738,1.01043,1.01054,1.50,1.00
2014.05.22 06:39:21.318,1.0104,1.01053,1.15,1.00
2014.05.22 06:39:22.704,1.0104,1.01053,1.18,1.00
2014.05.22 06:39:23.297,1.0104,1.01054,1.18,1.00
2014.05.22 06:39:23.449,1.01039,1.01054,1.20,1.00
2014.05.22 06:39:23.600,1.01037,1.01054,1.50,1.58
2014.05.22 06:39:23.650,1.01033,1.01044,1.28,1.00
2014.05.22 06:39:23.701,1.01031,1.01044,1.15,1.00
2014.05.22 06:39:23.802,1.01028,1.01044,1.15,1.00
2014.05.22 06:39:24.608,1.01031,1.01044,2.25,1.00
2014.05.22 06:39:24.659,1.01031,1.01049,3.00,1.20
2014.05.22 06:39:24.759,1.01031,1.01049,3.15,1.00
2014.05.22 06:39:25.328,1.01031,1.01049,3.15,1.00
2014.05.22 06:39:28.730,1.01034,1.01053,1.58,1.08
2014.05.22 06:39:30.327,1.01034,1.01051,1.58,2.25
2014.05.22 06:39:30.478,1.01029,1.01043,1.00,1.00
2014.05.22 06:39:30.680,1.01031,1.01049,1.00,2.78
2014.05.22 06:39:30.932,1.01027,1.01048,1.65,1.15
2014.05.22 06:39:35.678,1.01027,1.01048,1.65,1.00
2014.05.22 06:39:36.190,1.01031,1.01049,1.10,1.10
2014.05.22 06:39:37.638,1.01029,1.01048,1.15,2.25
2014.05.22 06:39:37.789,1.01027,1.01048,1.65,2.40
2014.05.22 06:39:37.940,1.01031,1.01049,1.00,1.15
2014.05.22 06:39:38.443,1.01031,1.01049,1.08,1.10
2014.05.22 06:39:39.315,1.01031,1.01049,1.53,1.10
2014.05.22 06:39:39.518,1.01033,1.01049,1.20,1.00
2014.05.22 06:39:39.568,1.01033,1.01049,1.28,1.00
2014.05.22 06:39:40.638,1.01033,1.01049,1.28,1.00
2014.05.22 06:39:43.425,1.01031,1.01049,2.03,1.00
2014.05.22 06:39:44.120,1.01032,1.01051,1.53,1.50
2014.05.22 06:39:44.221,1.01034,1.01053,1.15,1.00
2014.05.22 06:39:46.618,1.01034,1.01054,1.15,1.10
2014.05.22 06:39:47.097,1.01034,1.01044,1.08,1.00
2014.05.22 06:39:47.148,1.01034,1.01044,1.10,1.00
2014.05.22 06:39:47.431,1.01033,1.01054,1.18,1.15
2014.05.22 06:39:47.543,1.01033,1.01054,1.15,1.08
2014.05.22 06:39:47.594,1.01033,1.01054,1.15,1.00
2014.05.22 06:40:03.601,1.01034,1.01055,1.15,1.58
2014.05.22 06:40:08.108,1.01034,1.01055,3.08,1.58
2014.05.22 06:40:13.863,1.01037,1.01058,2.40,1.65
2014.05.22 06:40:16.824,1.01037,1.01057,2.40,1.10
2014.05.22 06:40:17.194,1.01037,1.01057,4.58,1.00
2014.05.22 06:40:17.778,1.01035,1.01057,1.28,1.00
2014.05.22 06:40:27.098,1.01035,1.01054,1.28,1.00
2014.05.22 06:40:27.648,1.01035,1.01053,1.28,1.00
2014.05.22 06:40:35.933,1.01035,1.01053,1.15,1.00
2014.05.22 06:40:43.351,1.01037,1.01057,1.15,1.15
2014.05.22 06:40:43.452,1.01042,1.01057,1.50,1.08
2014.05.22 06:40:43.986,1.01042,1.01057,1.50,1.00
2014.05.22 06:40:45.178,1.01035,1.01057,4.58,1.00
2014.05.22 06:40:45.769,1.01035,1.01057,2.40,1.18
2014.05.22 06:40:53.420,1.01042,1.01057,1.50,1.18
2014.05.22 06:40:53.838,1.01042,1.01057,1.65,1.00
2014.05.22 06:40:55.326,1.01042,1.01057,1.58,1.00
2014.05.22 06:40:55.839,1.01042,1.01059,1.58,1.58
2014.05.22 06:41:11.137,1.01037,1.01058,2.33,1.00
2014.05.22 06:41:11.238,1.01035,1.01058,3.08,1.45
2014.05.22 06:41:11.458,1.01039,1.01058,1.65,1.08
2014.05.22 06:41:17.667,1.01039,1.01058,1.65,1.00
2014.05.22 06:41:18.184,1.01042,1.01059,1.18,1.00
2014.05.22 06:41:18.501,1.01043,1.01064,2.33,1.00
2014.05.22 06:41:18.653,1.01045,1.01066,2.03,1.10
2014.05.22 06:41:18.913,1.01045,1.01068,2.03,1.10
2014.05.22 06:41:19.431,1.01051,1.01068,1.50,1.58
2014.05.22 06:41:19.734,1.01051,1.01068,1.65,1.50
2014.05.22 06:41:20.240,1.01051,1.01069,1.65,1.58
2014.05.22 06:41:21.137,1.01048,1.01068,2.33,1.00
2014.05.22 06:41:22.237,1.01049,1.01069,1.65,1.58
2014.05.22 06:41:30.402,1.01057,1.01072,1.65,1.00
2014.05.22 06:41:30.554,1.01057,1.01074,1.65,1.00
2014.05.22 06:41:30.604,1.01057,1.01068,1.65,1.00
2014.05.22 06:41:30.755,1.01054,1.01068,2.33,1.00
2014.05.22 06:41:30.856,1.01052,1.01074,1.15,1.88
2014.05.22 06:41:31.487,1.01052,1.01074,2.78,1.50
2014.05.22 06:41:37.086,1.01052,1.01073,2.78,1.00
2014.05.22 06:41:44.819,1.01052,1.01073,3.53,1.00
2014.05.22 06:41:44.920,1.01057,1.01073,3.38,1.00
2014.05.22 06:41:45.020,1.01058,1.01078,6.38,1.00
2014.05.22 06:41:45.273,1.01061,1.01079,2.33,1.50
2014.05.22 06:41:45.582,1.01062,1.01083,2.03,1.58
2014.05.22 06:41:45.776,1.01062,1.01079,1.28,1.00
2014.05.22 06:41:46.803,1.01066,1.01083,1.18,1.10
2014.05.22 06:41:46.912,1.01066,1.01089,2.55,1.65
2014.05.22 06:41:47.123,1.01067,1.01083,1.15,1.00
2014.05.22 06:41:47.325,1.0107,1.01088,1.15,1.00
2014.05.22 06:41:47.476,1.0107,1.01088,1.15,1.00
2014.05.22 06:41:48.647,1.0107,1.01083,2.03,1.00
2014.05.22 06:41:48.798,1.01067,1.01083,2.33,1.00
2014.05.22 06:41:48.899,1.01063,1.01084,5.85,1.10
2014.05.22 06:41:49.850,1.01064,1.01084,3.45,1.10
2014.05.22 06:41:50.693,1.01067,1.01084,1.20,1.00
2014.05.22 06:41:50.745,1.01062,1.01078,1.53,1.00
2014.05.22 06:41:55.017,1.01063,1.01084,1.28,1.00
2014.05.22 06:42:01.286,1.01066,1.01086,1.10,2.40
2014.05.22 06:42:02.056,1.01062,1.01083,2.40,1.00
2014.05.22 06:42:07.896,1.01062,1.01086,2.40,1.18
2014.05.22 06:42:08.103,1.01064,1.01088,1.15,1.15
2014.05.22 06:42:08.407,1.01072,1.01091,1.10,1.18
2014.05.22 06:42:08.911,1.01071,1.01094,3.08,1.65
2014.05.22 06:42:14.047,1.01073,1.01093,2.33,1.58
2014.05.22 06:42:14.258,1.01079,1.01099,1.65,1.58
2014.05.22 06:42:14.409,1.01082,1.01093,1.08,1.00
2014.05.22 06:42:14.460,1.01076,1.01093,5.25,1.00
2014.05.22 06:42:14.561,1.01076,1.01093,1.65,1.00
2014.05.22 06:42:14.662,1.01077,1.01099,1.15,2.03
2014.05.22 06:42:15.094,1.01079,1.011,1.00,2.70
2014.05.22 06:42:15.400,1.01079,1.01099,1.15,1.08
2014.05.22 06:42:15.602,1.01082,1.01103,1.15,1.18
2014.05.22 06:42:15.785,1.01082,1.01103,1.10,1.15
2014.05.22 06:42:15.835,1.01082,1.01103,1.18,1.18
2014.05.22 06:42:15.886,1.01082,1.01103,1.15,1.20
2014.05.22 06:42:15.937,1.01086,1.01105,1.00,1.53
2014.05.22 06:42:16.577,1.01081,1.01104,1.65,1.28
2014.05.22 06:42:16.787,1.01081,1.01102,3.08,1.00
2014.05.22 06:42:17.089,1.0109,1.01103,1.15,1.50
2014.05.22 06:42:17.291,1.01097,1.01111,1.00,1.13
2014.05.22 06:42:17.392,1.01097,1.01108,1.50,1.00
2014.05.22 06:42:17.633,1.01091,1.01108,1.18,1.00
2014.05.22 06:42:17.734,1.01091,1.01108,1.00,1.00
2014.05.22 06:42:17.785,1.01091,1.01106,1.00,1.00
2014.05.22 06:42:18.336,1.01086,1.01104,1.18,1.00
2014.05.22 06:42:18.886,1.01091,1.01106,1.00,1.10
2014.05.22 06:42:24.055,1.01087,1.01103,1.10,1.00
2014.05.22 06:42:24.470,1.01092,1.01105,1.00,1.08
2014.05.22 06:42:24.521,1.01092,1.01105,1.00,1.00
2014.05.22 06:42:25.116,1.01092,1.01106,1.00,1.10
2014.05.22 06:42:26.586,1.01091,1.01104,1.50,1.00
2014.05.22 06:42:26.636,1.01089,1.01104,1.50,1.00
2014.05.22 06:42:27.303,1.01087,1.01104,1.65,1.00
2014.05.22 06:42:28.008,1.01084,1.01104,1.65,1.58
2014.05.22 06:42:28.059,1.01084,1.01104,1.58,1.65
2014.05.22 06:42:28.109,1.01084,1.01104,1.50,3.83
2014.05.22 06:42:28.160,1.01088,1.01104,1.50,3.83
2014.05.22 06:42:28.210,1.01088,1.01104,1.50,1.65
2014.05.22 06:42:28.362,1.01088,1.01104,1.50,1.10
2014.05.22 06:42:28.613,1.01089,1.01108,1.65,1.18
2014.05.22 06:42:28.664,1.01089,1.01108,1.65,1.18
2014.05.22 06:42:28.767,1.01092,1.01109,1.58,1.10
2014.05.22 06:42:29.135,1.01092,1.01109,1.65,1.00
2014.05.22 06:42:29.501,1.01093,1.01109,3.83,1.00
2014.05.22 06:42:29.753,1.01092,1.01108,1.10,1.00
2014.05.22 06:42:29.920,1.0109,1.01104,1.65,1.00
2014.05.22 06:42:30.121,1.01091,1.01108,1.08,1.10
2014.05.22 06:42:30.477,1.01092,1.01109,1.65,1.08
2014.05.22 06:42:31.055,1.01092,1.01108,2.03,1.00
2014.05.22 06:42:31.324,1.01098,1.01113,1.50,1.00
2014.05.22 06:42:31.446,1.01096,1.01113,1.10,1.00
2014.05.22 06:42:31.547,1.01094,1.01108,1.65,1.00
2014.05.22 06:42:32.645,1.01094,1.01109,1.65,1.00
2014.05.22 06:42:33.245,1.01092,1.01109,1.15,1.00
2014.05.22 06:42:36.725,1.0109,1.01109,1.53,1.10
2014.05.22 06:42:42.325,1.01092,1.01108,1.00,1.08
2014.05.22 06:42:42.628,1.01087,1.01103,1.15,1.00
2014.05.22 06:42:42.875,1.01089,1.01108,1.65,1.65
2014.05.22 06:42:43.077,1.01089,1.01108,4.20,1.00
2014.05.22 06:42:43.328,1.01091,1.0111,1.53,1.00
2014.05.22 06:42:43.645,1.01096,1.0111,1.00,1.00
2014.05.22 06:42:43.796,1.01096,1.01114,1.10,1.58
2014.05.22 06:42:43.847,1.01096,1.01114,1.10,1.50
2014.05.22 06:42:50.588,1.01093,1.01109,2.03,1.00
2014.05.22 06:42:51.615,1.01092,1.01109,1.53,1.00
2014.05.22 06:42:56.937,1.01091,1.01109,2.78,1.00
2014.05.22 06:42:58.084,1.01091,1.01109,4.95,1.00
2014.05.22 06:42:58.336,1.01091,1.01109,2.78,1.00
2014.05.22 06:42:58.538,1.01089,1.01108,1.45,2.33
2014.05.22 06:42:58.840,1.01092,1.01109,1.58,1.10
2014.05.22 06:42:58.941,1.01095,1.01109,1.50,1.00
2014.05.22 06:43:00.116,1.01095,1.01109,1.58,1.00
2014.05.22 06:43:00.267,1.01092,1.01109,2.03,1.00
2014.05.22 06:43:00.771,1.01089,1.01109,2.78,1.10
2014.05.22 06:43:08.873,1.01092,1.01113,1.28,1.18
2014.05.22 06:43:08.974,1.01092,1.01113,1.28,1.10
2014.05.22 06:43:10.025,1.01091,1.0111,1.15,1.00
2014.05.22 06:43:10.076,1.01089,1.01108,1.65,1.00
2014.05.22 06:43:10.579,1.01092,1.01108,1.50,1.00
2014.05.22 06:43:11.365,1.01087,1.01104,2.03,1.00
2014.05.22 06:43:11.466,1.01087,1.01104,1.65,1.00
2014.05.22 06:43:12.000,1.01087,1.01103,2.40,1.00
2014.05.22 06:43:19.252,1.01087,1.01103,1.10,1.10
2014.05.22 06:43:23.912,1.01087,1.01103,1.48,1.10
2014.05.22 06:43:27.441,1.01087,1.01103,1.10,1.10
2014.05.22 06:43:28.625,1.01082,1.01099,3.45,1.00
2014.05.22 06:43:31.047,1.01087,1.01103,1.10,1.10
2014.05.22 06:43:37.461,1.01086,1.01104,1.13,2.40
2014.05.22 06:43:37.904,1.01086,1.01104,1.28,2.25
2014.05.22 06:43:38.615,1.01086,1.01101,1.28,1.50
2014.05.22 06:43:45.598,1.01091,1.01101,1.00,1.50
2014.05.22 06:43:51.284,1.01087,1.01101,1.18,1.50
2014.05.22 06:43:51.753,1.01087,1.01101,1.00,1.50
2014.05.22 06:43:51.854,1.01085,1.01099,1.53,1.00
2014.05.22 06:44:19.885,1.01082,1.01098,2.03,1.00
2014.05.22 06:44:20.436,1.01082,1.01098,4.20,1.00
2014.05.22 06:44:21.864,1.01082,1.01099,3.45,1.00
2014.05.22 06:44:41.130,1.01082,1.01099,1.53,1.00
2014.05.22 06:44:43.082,1.01082,1.01099,3.45,1.00
2014.05.22 06:44:45.069,1.01082,1.01099,1.53,1.00
2014.05.22 06:44:45.292,1.01087,1.01101,1.00,1.50
2014.05.22 06:44:48.299,1.01087,1.01101,1.08,1.50
2014.05.22 06:44:51.454,1.01083,1.01098,2.70,1.00
2014.05.22 06:44:59.514,1.01083,1.01098,1.28,1.00
2014.05.22 06:45:00.618,1.01083,1.01098,1.28,1.00
2014.05.22 06:45:08.835,1.01082,1.01098,1.55,1.00
2014.05.22 06:45:08.886,1.0108,1.01095,1.53,1.50
2014.05.22 06:46:09.818,1.01079,1.01095,1.38,1.50
2014.05.22 06:46:10.139,1.01079,1.01095,1.53,1.50
2014.05.22 06:46:46.982,1.01079,1.01097,1.53,1.50
2014.05.22 06:46:51.452,1.01079,1.01099,1.53,1.00
2014.05.22 06:46:56.430,1.01082,1.01098,2.78,1.00
2014.05.22 06:46:59.146,1.01083,1.01098,1.28,1.00
2014.05.22 06:46:59.498,1.01082,1.01095,1.53,1.50
2014.05.22 06:47:00.060,1.01082,1.01096,1.53,1.50
2014.05.22 06:47:00.692,1.01082,1.01098,1.53,2.25
2014.05.22 06:47:08.933,1.01081,1.01099,1.53,1.00
2014.05.22 06:47:09.436,1.01082,1.01099,2.70,1.00
2014.05.22 06:47:10.166,1.01082,1.01098,2.70,1.00
2014.05.22 06:47:10.811,1.01083,1.01098,2.70,1.00
2014.05.22 06:47:10.865,1.01086,1.011,1.18,1.50
2014.05.22 06:47:11.523,1.01086,1.011,1.20,1.50
2014.05.22 06:47:12.341,1.01082,1.01098,1.53,1.00
2014.05.22 06:47:12.563,1.01082,1.011,1.53,1.50
2014.05.22 06:47:12.672,1.01082,1.01095,1.53,1.50
2014.05.22 06:47:12.804,1.01082,1.01095,1.55,1.50
2014.05.22 06:47:15.311,1.01081,1.01097,1.65,1.50
2014.05.22 06:47:20.262,1.01081,1.01098,1.65,1.50
2014.05.22 06:47:24.332,1.01081,1.01101,1.65,1.50
2014.05.22 06:47:25.435,1.01081,1.01103,1.65,2.40
2014.05.22 06:47:25.698,1.01079,1.01094,1.15,1.00
2014.05.22 06:47:26.141,1.01081,1.01103,1.00,3.53
2014.05.22 06:47:26.242,1.01081,1.01103,1.28,3.15
2014.05.22 06:47:42.201,1.01082,1.01098,1.55,1.00
2014.05.22 06:47:42.403,1.01087,1.01103,1.00,1.10
2014.05.22 06:47:45.022,1.01087,1.01102,1.20,1.50
2014.05.22 06:47:45.890,1.01086,1.01101,1.15,1.50
2014.05.22 06:47:47.045,1.01086,1.01101,1.00,1.50
2014.05.22 06:47:48.171,1.01086,1.01103,1.00,1.50
2014.05.22 06:47:48.983,1.01086,1.01104,1.00,2.33
2014.05.22 06:47:53.805,1.01086,1.01101,1.00,1.50
2014.05.22 06:47:54.366,1.01087,1.01101,1.00,1.50
2014.05.22 06:47:57.112,1.01086,1.01101,1.00,1.50
2014.05.22 06:48:07.891,1.01084,1.01099,1.18,1.00
2014.05.22 06:48:14.821,1.01086,1.01101,1.00,1.50
2014.05.22 06:48:19.550,1.01087,1.01101,1.00,1.50
2014.05.22 06:48:20.110,1.01087,1.01101,1.08,1.50
2014.05.22 06:48:20.322,1.01091,1.01101,1.00,1.50
2014.05.22 06:48:21.142,1.01092,1.01106,1.00,1.50
2014.05.22 06:48:21.193,1.01092,1.01106,1.08,1.50
2014.05.22 06:48:27.191,1.01092,1.01109,1.15,1.00
2014.05.22 06:48:27.292,1.01092,1.01109,1.53,1.00
2014.05.22 06:48:27.393,1.01096,1.01112,1.18,1.50
2014.05.22 06:48:29.724,1.01096,1.01112,1.00,1.58
2014.05.22 06:48:31.994,1.01096,1.01112,1.08,1.50
2014.05.22 06:48:32.145,1.01097,1.01112,1.15,1.50
2014.05.22 06:48:32.196,1.01097,1.01116,1.18,2.40
2014.05.22 06:48:32.246,1.01097,1.01116,1.18,1.58
2014.05.22 06:48:32.483,1.01096,1.01114,1.18,1.00
2014.05.22 06:48:32.534,1.01095,1.01109,1.53,2.25
2014.05.22 06:48:32.840,1.01092,1.01107,1.15,1.50
2014.05.22 06:48:33.182,1.01092,1.01102,1.15,1.50
2014.05.22 06:48:33.333,1.01092,1.01102,1.18,1.50
2014.05.22 06:48:33.434,1.01097,1.01108,1.00,1.50
2014.05.22 06:48:33.636,1.01093,1.01104,1.10,1.50
2014.05.22 06:48:33.940,1.01093,1.01108,1.10,2.25
2014.05.22 06:48:34.192,1.01093,1.01104,1.00,1.50
2014.05.22 06:48:34.752,1.01092,1.01104,1.00,1.50
2014.05.22 06:48:36.164,1.0109,1.01103,1.13,1.00
2014.05.22 06:48:38.360,1.01092,1.01103,1.50,1.00
2014.05.22 06:48:38.511,1.01097,1.01109,1.00,1.00
2014.05.22 06:48:38.581,1.01097,1.01114,1.00,1.10
2014.05.22 06:48:38.940,1.01096,1.01109,1.10,1.50
2014.05.22 06:48:38.991,1.01093,1.01109,1.18,1.50
2014.05.22 06:48:39.143,1.01093,1.01111,1.18,1.50
2014.05.22 06:48:39.353,1.01096,1.01111,1.00,1.50
2014.05.22 06:48:39.656,1.01096,1.01114,2.70,1.00
2014.05.22 06:48:40.172,1.011,1.01113,1.15,1.00
2014.05.22 06:48:40.596,1.01102,1.01115,1.20,1.50
2014.05.22 06:48:41.421,1.011,1.0111,1.15,1.50
2014.05.22 06:48:41.603,1.011,1.0111,1.10,1.50
2014.05.22 06:48:43.461,1.01098,1.0111,1.00,1.50
2014.05.22 06:48:45.620,1.01098,1.01113,1.00,1.50
2014.05.22 06:48:46.151,1.01098,1.01115,1.18,1.50
2014.05.22 06:48:46.421,1.01101,1.01117,1.00,1.65
2014.05.22 06:48:46.681,1.01098,1.01117,1.18,1.65
2014.05.22 06:48:46.892,1.01098,1.01113,1.18,1.50
2014.05.22 06:48:48.070,1.01101,1.01113,1.00,1.50
2014.05.22 06:48:48.121,1.01101,1.01116,1.00,1.58
2014.05.22 06:48:48.467,1.01098,1.01113,1.15,1.50
2014.05.22 06:48:48.777,1.01101,1.01115,1.10,1.50
2014.05.22 06:48:49.332,1.01102,1.01116,1.00,1.50
2014.05.22 06:48:50.626,1.01101,1.01116,1.00,1.50
2014.05.22 06:48:50.998,1.01102,1.01113,1.00,1.50
2014.05.22 06:48:51.048,1.011,1.01113,1.00,1.50
2014.05.22 06:48:51.142,1.01097,1.01113,1.15,1.50
2014.05.22 06:48:51.192,1.01097,1.0111,1.15,1.50
2014.05.22 06:48:51.590,1.01101,1.0111,1.00,1.50
2014.05.22 06:48:51.893,1.01106,1.01116,1.00,1.58
2014.05.22 06:48:52.436,1.01107,1.01116,1.00,1.50
2014.05.22 06:48:57.092,1.01106,1.01116,1.00,1.50
2014.05.22 06:48:57.143,1.01106,1.01118,1.00,1.50
2014.05.22 06:49:00.438,1.01102,1.01115,1.58,1.50
2014.05.22 06:49:00.488,1.01102,1.01115,1.50,1.50
2014.05.22 06:49:00.640,1.01107,1.01115,1.00,1.50
2014.05.22 06:49:00.691,1.01107,1.01118,1.00,1.58
2014.05.22 06:49:00.942,1.01106,1.01121,1.00,1.58
2014.05.22 06:49:01.208,1.01106,1.01115,1.00,1.50
2014.05.22 06:49:01.359,1.01102,1.01115,1.65,1.50
2014.05.22 06:49:01.460,1.01102,1.01113,1.65,1.50
2014.05.22 06:49:01.633,1.01102,1.01115,1.65,1.50
2014.05.22 06:49:04.054,1.01102,1.01113,1.20,1.50
2014.05.22 06:49:04.864,1.01106,1.01113,1.00,1.50
2014.05.22 06:49:04.915,1.01106,1.01115,1.00,1.50
2014.05.22 06:49:05.126,1.01106,1.01117,1.00,1.50
2014.05.22 06:49:05.471,1.01107,1.01122,1.00,1.65
2014.05.22 06:49:06.080,1.01101,1.01119,1.28,1.00
2014.05.22 06:49:06.131,1.01101,1.01112,1.15,1.50
2014.05.22 06:49:06.434,1.01106,1.01121,1.00,3.08
2014.05.22 06:49:06.586,1.01106,1.01122,1.00,4.28
2014.05.22 06:49:06.637,1.01102,1.01122,1.08,1.65
2014.05.22 06:49:06.687,1.01102,1.01115,1.18,1.50
2014.05.22 06:49:07.090,1.011,1.01114,1.10,1.50
2014.05.22 06:49:07.141,1.011,1.01112,1.10,1.50
2014.05.22 06:49:07.528,1.01098,1.01109,1.28,1.50
2014.05.22 06:49:08.030,1.01102,1.01109,1.00,1.50
2014.05.22 06:49:08.190,1.01102,1.01111,1.00,1.50
2014.05.22 06:49:08.410,1.01102,1.01113,1.00,1.50
2014.05.22 06:49:08.661,1.01102,1.01119,1.00,1.65
2014.05.22 06:49:09.263,1.01102,1.01119,1.10,1.65
2014.05.22 06:49:10.334,1.01102,1.01119,1.18,1.58
2014.05.22 06:49:11.319,1.01102,1.01119,1.15,1.50
2014.05.22 06:49:11.923,1.01099,1.01118,1.53,1.10
2014.05.22 06:49:11.974,1.01099,1.01116,1.53,1.50
2014.05.22 06:49:12.294,1.01102,1.01114,1.10,1.50
2014.05.22 06:49:12.596,1.01097,1.01109,2.03,1.50
2014.05.22 06:49:13.365,1.01097,1.01112,2.03,1.50
2014.05.22 06:49:13.770,1.01097,1.01115,2.03,1.50
2014.05.22 06:49:13.890,1.01101,1.01119,1.00,1.58
2014.05.22 06:49:14.042,1.01101,1.01119,1.08,1.58
2014.05.22 06:49:14.829,1.01101,1.01119,1.15,1.50
2014.05.22 06:49:15.151,1.011,1.01116,1.15,1.50
2014.05.22 06:49:15.455,1.011,1.01109,1.08,1.50
2014.05.22 06:49:15.505,1.011,1.01109,1.10,1.50
2014.05.22 06:49:18.370,1.01102,1.01109,1.00,1.50
2014.05.22 06:49:18.421,1.01102,1.01114,1.08,1.50
2014.05.22 06:49:19.558,1.01101,1.01114,1.15,1.50
2014.05.22 06:49:23.473,1.01102,1.01117,1.15,1.50
2014.05.22 06:49:23.574,1.01107,1.01117,1.00,1.50
2014.05.22 06:49:23.675,1.01107,1.01123,1.00,2.40
2014.05.22 06:49:24.359,1.01107,1.01123,1.00,1.65
2014.05.22 06:49:24.460,1.01101,1.0112,1.15,1.50
2014.05.22 06:49:33.116,1.01106,1.0112,1.00,1.50
2014.05.22 06:49:33.370,1.01107,1.01123,1.00,3.15
2014.05.22 06:49:33.421,1.01107,1.01118,1.00,1.50
2014.05.22 06:49:33.750,1.01102,1.01114,1.18,1.50
2014.05.22 06:49:34.084,1.01107,1.01117,1.00,1.50
2014.05.22 06:49:34.134,1.01102,1.01117,1.18,1.50
2014.05.22 06:49:34.185,1.01102,1.01115,1.18,1.50
2014.05.22 06:49:34.539,1.01106,1.01115,1.00,1.50
2014.05.22 06:49:34.690,1.01106,1.01117,1.00,1.50
2014.05.22 06:49:34.920,1.01106,1.01119,1.00,1.50
2014.05.22 06:49:35.290,1.01107,1.01123,1.00,3.15
2014.05.22 06:49:36.115,1.01106,1.01123,1.00,1.65
2014.05.22 06:49:36.165,1.01106,1.0112,1.00,1.50
2014.05.22 06:49:36.317,1.01102,1.01119,1.15,1.00
2014.05.22 06:49:36.670,1.01101,1.01114,1.15,1.50
2014.05.22 06:49:37.038,1.01101,1.01114,1.10,1.50
2014.05.22 06:49:37.620,1.01106,1.01114,1.00,1.50
2014.05.22 06:49:37.670,1.01106,1.01117,1.00,1.50
2014.05.22 06:49:37.889,1.01107,1.01119,1.00,1.50
2014.05.22 06:49:38.110,1.01107,1.01123,1.00,2.40
2014.05.22 06:49:38.431,1.01102,1.01119,1.28,1.50
2014.05.22 06:49:38.961,1.01102,1.01119,1.28,1.50
2014.05.22 06:49:39.089,1.01102,1.01117,1.28,1.50
2014.05.22 06:49:39.933,1.01101,1.01117,1.53,1.50
2014.05.22 06:49:46.310,1.01107,1.01117,1.00,1.50
2014.05.22 06:49:46.411,1.01107,1.01119,1.00,1.50
2014.05.22 06:49:47.426,1.01107,1.01121,1.00,1.50
2014.05.22 06:49:47.971,1.01106,1.01121,1.00,1.50
2014.05.22 06:49:49.499,1.01107,1.01121,1.00,1.50
2014.05.22 06:49:50.011,1.01106,1.01121,1.00,1.50
2014.05.22 06:49:55.548,1.01107,1.01121,1.00,1.50
2014.05.22 06:49:59.289,1.01106,1.01121,1.00,1.50
2014.05.22 06:49:59.390,1.01106,1.01117,1.00,1.50
2014.05.22 06:49:59.692,1.01112,1.01117,1.00,1.50
2014.05.22 06:49:59.743,1.01112,1.01125,1.00,1.15
2014.05.22 06:49:59.844,1.01106,1.01126,1.18,3.90
2014.05.22 06:49:59.894,1.01106,1.01126,1.10,3.83
2014.05.22 06:50:00.458,1.01107,1.01122,1.00,1.65
