2016.12.16 19:00:00.120,0.97244,0.9726,1.00,1.00
2016.12.16 19:00:00.262,0.97238,0.9726,1.00,1.50
2016.12.16 19:00:00.363,0.97244,0.9726,1.00,1.00
2016.12.16 19:00:00.685,0.97249,0.9726,1.00,1.00
2016.12.16 19:00:00.736,0.97243,0.97262,1.00,2.22
2016.12.16 19:00:00.786,0.97248,0.97263,1.00,1.72
2016.12.16 19:00:01.319,0.97248,0.97261,1.00,1.12
2016.12.16 19:00:01.419,0.97244,0.97262,1.00,1.50
2016.12.16 19:00:01.968,0.97244,0.97262,1.00,1.00
2016.12.16 19:00:02.261,0.97249,0.97263,1.00,1.00
2016.12.16 19:00:02.843,0.97249,0.97264,1.00,1.50
2016.12.16 19:00:03.300,0.97243,0.97265,1.00,1.00
2016.12.16 19:00:03.452,0.97249,0.97269,1.00,3.00
2016.12.16 19:00:03.804,0.97248,0.97268,1.00,1.12
2016.12.16 19:00:03.962,0.97248,0.9727,1.00,1.00
2016.12.16 19:00:04.063,0.97244,0.97271,1.00,1.50
2016.12.16 19:00:04.264,0.97248,0.9727,1.00,1.50
2016.12.16 19:00:04.624,0.97254,0.9727,1.00,1.00
2016.12.16 19:00:04.984,0.97254,0.97272,1.00,1.00
2016.12.16 19:00:05.763,0.97254,0.97274,1.00,2.25
2016.12.16 19:00:06.454,0.97253,0.97274,1.00,1.50
2016.12.16 19:00:06.815,0.97253,0.97272,1.00,1.00
2016.12.16 19:00:07.379,0.97254,0.97274,1.00,1.00
2016.12.16 19:00:07.949,0.97254,0.97274,1.00,1.74
2016.12.16 19:00:08.634,0.97254,0.9727,1.00,1.00
2016.12.16 19:00:08.684,0.97254,0.97274,1.00,1.05
2016.12.16 19:00:09.355,0.97254,0.97275,1.00,2.92
2016.12.16 19:00:09.880,0.97254,0.97271,1.00,1.00
2016.12.16 19:00:10.764,0.97253,0.97271,1.00,1.00
2016.12.16 19:00:11.342,0.97253,0.97274,1.00,1.00
2016.12.16 19:00:11.863,0.97254,0.97274,1.00,1.05
2016.12.16 19:00:12.031,0.97248,0.97274,1.00,1.05
2016.12.16 19:00:12.133,0.97248,0.97272,1.00,1.67
2016.12.16 19:00:12.522,0.97248,0.97271,1.00,1.67
2016.12.16 19:00:13.022,0.97244,0.97269,1.00,1.00
2016.12.16 19:00:13.462,0.97248,0.97268,1.00,1.12
2016.12.16 19:00:13.620,0.97241,0.97268,1.00,1.87
2016.12.16 19:00:13.721,0.97243,0.9727,1.00,1.75
2016.12.16 19:00:14.023,0.97249,0.9727,1.00,1.00
2016.12.16 19:00:14.813,0.97253,0.9727,1.00,1.00
2016.12.16 19:00:15.427,0.97249,0.9727,1.00,1.00
2016.12.16 19:00:15.629,0.97249,0.97272,1.00,1.00
2016.12.16 19:00:20.966,0.97249,0.97273,1.00,1.12
2016.12.16 19:00:21.124,0.97251,0.97274,1.00,1.50
2016.12.16 19:00:21.226,0.97254,0.97278,1.00,1.12
2016.12.16 19:00:21.327,0.97254,0.97275,1.00,1.00
2016.12.16 19:00:21.831,0.97253,0.97275,1.00,1.00
2016.12.16 19:00:22.186,0.97253,0.97277,1.50,1.12
2016.12.16 19:00:22.677,0.97254,0.97278,1.37,1.00
2016.12.16 19:00:23.181,0.97256,0.97278,1.00,1.00
2016.12.16 19:00:23.609,0.97256,0.97281,1.00,3.37
2016.12.16 19:00:23.660,0.97256,0.97276,1.00,1.00
2016.12.16 19:00:24.264,0.97256,0.97275,1.00,1.00
2016.12.16 19:00:24.881,0.97255,0.97276,1.00,1.50
2016.12.16 19:00:25.189,0.97258,0.97278,1.00,2.25
2016.12.16 19:00:25.701,0.97258,0.97278,1.00,1.00
2016.12.16 19:00:26.202,0.97258,0.97277,1.00,1.00
2016.12.16 19:00:26.440,0.97258,0.97279,1.00,1.00
2016.12.16 19:00:26.541,0.97258,0.97277,1.00,1.00
2016.12.16 19:00:26.692,0.97253,0.97274,1.00,1.37
2016.12.16 19:00:27.495,0.97253,0.97274,1.00,3.00
2016.12.16 19:00:28.035,0.97253,0.97273,1.00,1.00
2016.12.16 19:00:28.572,0.97253,0.97274,1.00,1.50
2016.12.16 19:00:28.970,0.97253,0.97272,1.00,1.00
2016.12.16 19:00:29.614,0.97253,0.97274,1.00,1.00
2016.12.16 19:00:29.766,0.97253,0.97276,1.00,1.00
2016.12.16 19:00:30.227,0.97258,0.97276,1.00,1.00
2016.12.16 19:00:30.428,0.97254,0.97273,1.00,1.00
2016.12.16 19:00:30.630,0.97254,0.9728,1.50,3.37
2016.12.16 19:00:30.681,0.97258,0.9728,1.00,3.37
2016.12.16 19:00:30.782,0.97258,0.97283,1.00,3.00
2016.12.16 19:00:30.832,0.97258,0.9728,1.00,1.00
2016.12.16 19:00:31.360,0.97258,0.9728,1.00,2.10
2016.12.16 19:00:31.671,0.97258,0.97284,1.00,3.97
2016.12.16 19:00:31.772,0.97259,0.97282,1.00,1.50
2016.12.16 19:00:31.873,0.97259,0.97279,1.00,1.00
2016.12.16 19:00:32.291,0.97259,0.97282,1.00,1.00
2016.12.16 19:00:33.358,0.97259,0.97281,1.00,1.00
2016.12.16 19:00:33.459,0.97264,0.97282,1.00,1.00
2016.12.16 19:00:33.997,0.97264,0.97283,1.00,1.12
2016.12.16 19:00:34.658,0.97264,0.97282,1.00,1.00
2016.12.16 19:00:35.218,0.97264,0.97281,1.00,1.00
2016.12.16 19:00:35.911,0.97264,0.97282,1.00,1.00
2016.12.16 19:00:36.160,0.97259,0.97279,1.00,1.00
2016.12.16 19:00:36.261,0.97257,0.97281,1.00,1.00
2016.12.16 19:00:36.513,0.97263,0.9728,1.00,1.00
2016.12.16 19:00:37.117,0.97263,0.97281,1.00,1.00
2016.12.16 19:00:37.521,0.97263,0.97278,1.00,1.00
2016.12.16 19:00:37.573,0.97263,0.9728,1.00,1.00
2016.12.16 19:00:38.655,0.97263,0.97281,1.00,1.00
2016.12.16 19:00:39.204,0.97263,0.9728,1.00,1.00
2016.12.16 19:00:39.529,0.97258,0.9728,1.00,1.00
2016.12.16 19:00:39.873,0.97263,0.97279,1.00,1.00
2016.12.16 19:00:40.435,0.97263,0.9728,1.00,1.00
2016.12.16 19:00:40.978,0.97263,0.97279,1.00,1.00
2016.12.16 19:00:42.263,0.97263,0.97281,1.00,1.35
2016.12.16 19:00:45.147,0.97263,0.9728,1.00,1.00
2016.12.16 19:00:45.348,0.97258,0.9728,1.00,3.00
2016.12.16 19:00:45.600,0.97259,0.97278,1.00,1.00
2016.12.16 19:00:46.052,0.97259,0.97276,1.00,1.00
2016.12.16 19:00:46.560,0.97259,0.97278,1.00,1.00
2016.12.16 19:00:47.097,0.97259,0.97279,1.00,1.50
2016.12.16 19:00:49.136,0.97259,0.97278,1.00,1.00
2016.12.16 19:00:49.362,0.97259,0.97275,1.00,1.50
2016.12.16 19:00:49.463,0.97254,0.97275,1.75,1.00
2016.12.16 19:00:49.563,0.97254,0.97274,1.00,1.00
2016.12.16 19:00:49.664,0.97254,0.97272,1.00,1.00
2016.12.16 19:00:50.183,0.97254,0.97273,1.00,1.00
2016.12.16 19:00:50.691,0.97254,0.97274,1.00,1.00
2016.12.16 19:00:51.252,0.97254,0.97273,1.00,1.00
2016.12.16 19:00:51.302,0.97254,0.97276,1.00,2.25
2016.12.16 19:00:51.568,0.97254,0.97274,1.00,1.00
2016.12.16 19:00:51.920,0.97258,0.97275,1.00,1.00
2016.12.16 19:00:52.021,0.97258,0.97279,1.00,1.12
2016.12.16 19:00:52.238,0.97258,0.97279,1.00,1.75
2016.12.16 19:00:53.427,0.97258,0.97279,1.00,1.12
2016.12.16 19:00:53.976,0.97258,0.9728,1.00,1.00
2016.12.16 19:00:54.304,0.97264,0.97281,1.00,1.00
2016.12.16 19:00:54.518,0.97259,0.97281,1.00,1.00
2016.12.16 19:00:54.965,0.97264,0.97281,1.00,1.00
2016.12.16 19:00:55.313,0.97259,0.9728,1.00,1.00
2016.12.16 19:00:55.716,0.97264,0.9728,1.00,1.00
2016.12.16 19:00:56.021,0.97259,0.9728,1.00,1.00
2016.12.16 19:00:56.122,0.97257,0.97284,1.50,1.50
2016.12.16 19:00:56.323,0.97258,0.97285,1.75,1.00
2016.12.16 19:00:56.724,0.97258,0.97286,1.12,1.72
2016.12.16 19:00:57.277,0.97258,0.97285,1.12,1.00
2016.12.16 19:00:57.916,0.97264,0.97285,1.00,1.00
2016.12.16 19:00:58.432,0.97264,0.97288,1.00,2.85
2016.12.16 19:01:07.462,0.97259,0.97287,1.75,1.72
2016.12.16 19:01:08.237,0.97259,0.97287,2.25,1.12
2016.12.16 19:01:08.388,0.97264,0.97287,1.00,1.12
2016.12.16 19:01:08.439,0.97259,0.97286,1.75,1.00
2016.12.16 19:01:08.514,0.97264,0.97287,1.00,1.12
2016.12.16 19:01:10.428,0.97259,0.97286,1.75,1.00
2016.12.16 19:01:10.971,0.97263,0.97287,1.00,1.12
2016.12.16 19:01:11.557,0.97258,0.97287,2.25,1.87
2016.12.16 19:01:12.507,0.97264,0.97287,1.00,1.12
2016.12.16 19:01:12.821,0.97264,0.97287,1.00,2.25
2016.12.16 19:01:13.025,0.97259,0.97286,1.00,1.75
2016.12.16 19:01:13.326,0.97263,0.97287,1.00,2.25
2016.12.16 19:01:14.373,0.97259,0.97286,1.00,1.75
2016.12.16 19:01:14.474,0.97259,0.97286,1.00,1.87
2016.12.16 19:01:15.328,0.9726,0.97286,1.37,1.87
2016.12.16 19:01:15.681,0.97259,0.97285,1.75,1.00
2016.12.16 19:01:16.357,0.97263,0.97285,1.00,1.00
2016.12.16 19:01:16.603,0.97259,0.97285,1.75,1.00
2016.12.16 19:01:17.017,0.97269,0.97286,1.00,1.12
2016.12.16 19:01:17.168,0.97259,0.97286,1.75,1.12
2016.12.16 19:01:17.219,0.97268,0.97286,1.00,1.12
2016.12.16 19:01:17.320,0.97259,0.97286,1.75,1.00
2016.12.16 19:01:17.593,0.97269,0.97286,1.00,1.00
2016.12.16 19:01:18.336,0.97259,0.97286,1.75,1.00
2016.12.16 19:01:18.471,0.97268,0.97286,1.00,1.00
2016.12.16 19:01:19.802,0.97264,0.97286,1.00,1.00
2016.12.16 19:01:20.597,0.97264,0.97286,1.00,1.37
2016.12.16 19:01:21.419,0.97269,0.97286,1.00,1.37
2016.12.16 19:01:21.561,0.97264,0.97286,1.00,1.37
2016.12.16 19:01:21.714,0.97269,0.97286,1.00,1.37
2016.12.16 19:01:22.765,0.97263,0.97287,1.00,1.50
2016.12.16 19:01:23.160,0.97268,0.97287,1.00,1.50
2016.12.16 19:01:24.516,0.97258,0.97287,1.50,2.25
2016.12.16 19:01:24.765,0.97264,0.97287,1.00,1.50
2016.12.16 19:01:25.472,0.97268,0.97287,1.00,1.50
2016.12.16 19:01:25.861,0.97263,0.97287,1.00,1.50
2016.12.16 19:01:25.912,0.97268,0.97287,1.00,1.50
2016.12.16 19:01:26.354,0.97264,0.97287,1.00,1.50
2016.12.16 19:01:26.866,0.97264,0.97287,1.00,1.50
2016.12.16 19:01:27.873,0.97264,0.97287,1.00,1.00
2016.12.16 19:01:28.507,0.97258,0.97287,2.25,1.87
2016.12.16 19:01:28.947,0.97264,0.97287,1.00,1.37
2016.12.16 19:01:30.286,0.97264,0.97288,1.00,1.00
2016.12.16 19:01:30.604,0.97269,0.97286,1.00,1.00
2016.12.16 19:01:30.775,0.97269,0.97288,1.00,1.00
2016.12.16 19:01:30.926,0.97266,0.97288,1.00,1.00
2016.12.16 19:01:31.027,0.97269,0.97288,1.00,1.00
2016.12.16 19:01:31.078,0.97269,0.97291,1.00,1.50
2016.12.16 19:01:31.179,0.97266,0.97291,1.87,1.12
2016.12.16 19:01:31.411,0.97268,0.9729,1.00,1.00
2016.12.16 19:01:31.985,0.9727,0.97291,1.00,1.37
2016.12.16 19:01:32.530,0.9727,0.97291,1.00,1.00
2016.12.16 19:01:32.581,0.97268,0.97292,1.50,1.12
2016.12.16 19:01:33.101,0.97269,0.97291,1.00,1.00
2016.12.16 19:01:33.771,0.97268,0.97292,1.50,1.12
2016.12.16 19:01:34.339,0.97269,0.97292,1.00,1.12
2016.12.16 19:01:34.540,0.97265,0.97289,1.50,1.50
2016.12.16 19:01:34.770,0.97263,0.97287,1.00,1.00
2016.12.16 19:01:35.376,0.97263,0.97286,1.00,1.00
2016.12.16 19:01:36.466,0.97264,0.97286,1.00,1.00
2016.12.16 19:01:37.019,0.97264,0.97285,1.00,1.00
2016.12.16 19:01:37.171,0.97263,0.97286,1.00,2.25
2016.12.16 19:01:37.594,0.97263,0.97285,1.00,1.12
2016.12.16 19:01:38.640,0.97259,0.97286,1.87,1.50
2016.12.16 19:01:39.144,0.9726,0.97286,1.00,2.25
2016.12.16 19:01:39.836,0.97264,0.97286,1.00,1.50
2016.12.16 19:01:40.318,0.97264,0.97285,1.00,1.50
2016.12.16 19:01:41.959,0.97264,0.97283,1.00,1.50
2016.12.16 19:01:42.833,0.97264,0.97281,1.00,1.00
2016.12.16 19:01:43.736,0.97258,0.97281,1.00,1.00
2016.12.16 19:01:44.237,0.97259,0.97282,1.00,1.12
2016.12.16 19:01:44.539,0.97259,0.97283,1.00,2.25
2016.12.16 19:01:50.351,0.97253,0.97282,1.12,3.00
2016.12.16 19:01:51.456,0.97259,0.97281,1.00,1.50
2016.12.16 19:01:55.527,0.97253,0.97279,1.12,1.00
2016.12.16 19:01:55.618,0.97253,0.97276,1.00,1.00
2016.12.16 19:01:55.920,0.97249,0.97271,1.50,1.00
2016.12.16 19:01:56.351,0.97249,0.97271,1.00,1.50
2016.12.16 19:02:00.926,0.97243,0.97272,1.12,2.25
2016.12.16 19:02:01.128,0.97245,0.97273,1.00,2.62
2016.12.16 19:02:01.229,0.97245,0.97274,1.12,1.75
2016.12.16 19:02:01.280,0.97245,0.97274,1.37,1.50
2016.12.16 19:02:01.597,0.97253,0.97274,1.00,1.50
2016.12.16 19:02:03.851,0.97248,0.97274,1.00,1.00
2016.12.16 19:02:05.211,0.97248,0.97274,1.60,1.50
2016.12.16 19:02:05.513,0.97249,0.97274,1.00,1.00
2016.12.16 19:02:05.564,0.97254,0.97274,1.00,1.00
2016.12.16 19:02:09.015,0.97253,0.97275,1.00,1.37
2016.12.16 19:02:09.490,0.97248,0.97275,1.12,1.37
2016.12.16 19:02:09.593,0.97248,0.97275,1.00,1.37
2016.12.16 19:02:09.916,0.97253,0.97276,1.00,2.25
2016.12.16 19:02:10.535,0.97253,0.97276,1.00,1.50
2016.12.16 19:02:11.133,0.97254,0.97276,1.00,1.50
2016.12.16 19:02:11.587,0.97253,0.97276,1.00,1.00
2016.12.16 19:02:12.526,0.97253,0.97272,1.00,1.00
2016.12.16 19:02:12.577,0.97249,0.97272,1.50,1.50
2016.12.16 19:02:12.722,0.97249,0.97272,1.00,1.75
2016.12.16 19:02:12.823,0.97239,0.9727,3.75,1.50
2016.12.16 19:02:12.925,0.9724,0.97268,1.00,1.00
2016.12.16 19:02:13.076,0.97243,0.97267,1.00,1.00
2016.12.16 19:02:14.446,0.97243,0.97268,1.00,1.50
2016.12.16 19:02:15.023,0.97249,0.97268,1.00,1.00
2016.12.16 19:02:15.124,0.97244,0.97268,1.00,3.00
2016.12.16 19:02:15.225,0.97244,0.97266,1.00,3.00
2016.12.16 19:02:15.527,0.97244,0.97264,1.00,1.00
2016.12.16 19:02:16.307,0.97249,0.97268,1.00,2.62
2016.12.16 19:02:16.358,0.97249,0.97269,1.00,2.25
2016.12.16 19:02:19.044,0.97243,0.97269,1.00,1.50
2016.12.16 19:02:23.399,0.97243,0.97269,1.37,1.00
2016.12.16 19:02:23.848,0.97253,0.97269,1.00,1.12
2016.12.16 19:02:24.312,0.97253,0.9727,1.00,1.50
2016.12.16 19:02:25.218,0.97244,0.9727,1.00,1.75
2016.12.16 19:02:25.269,0.97254,0.9727,1.00,1.75
2016.12.16 19:02:25.747,0.97243,0.97268,1.00,1.50
2016.12.16 19:02:26.005,0.97249,0.97268,1.00,1.00
2016.12.16 19:02:26.716,0.97249,0.97271,1.00,1.00
2016.12.16 19:02:26.817,0.97249,0.97273,1.00,1.00
2016.12.16 19:02:27.362,0.97249,0.97271,1.00,1.00
2016.12.16 19:02:27.820,0.97254,0.97275,1.00,1.00
2016.12.16 19:02:28.122,0.97254,0.97276,1.00,3.00
2016.12.16 19:02:29.509,0.97254,0.97276,1.00,1.50
2016.12.16 19:02:29.618,0.97254,0.97276,1.00,1.50
2016.12.16 19:02:36.087,0.97254,0.97275,1.00,1.00
2016.12.16 19:02:36.138,0.97248,0.97275,1.50,1.50
2016.12.16 19:02:36.188,0.97259,0.97272,1.00,1.00
2016.12.16 19:02:36.239,0.97249,0.97273,1.00,1.12
2016.12.16 19:02:36.390,0.97254,0.97272,1.00,1.00
2016.12.16 19:02:36.904,0.97254,0.97273,1.00,1.50
2016.12.16 19:02:37.433,0.97254,0.97272,1.00,1.00
2016.12.16 19:02:37.993,0.97254,0.97273,1.00,1.50
2016.12.16 19:02:38.608,0.97258,0.97273,1.00,1.00
2016.12.16 19:02:38.759,0.97259,0.97277,1.00,1.75
2016.12.16 19:02:38.983,0.97259,0.97277,1.00,1.00
2016.12.16 19:02:39.549,0.97259,0.97278,1.00,1.00
2016.12.16 19:02:40.012,0.97264,0.97278,1.00,1.12
2016.12.16 19:02:40.163,0.97255,0.97279,1.00,1.12
2016.12.16 19:02:40.214,0.97264,0.9728,1.00,1.50
2016.12.16 19:02:40.265,0.97254,0.9728,1.12,1.37
2016.12.16 19:02:40.588,0.97256,0.97279,1.00,1.00
2016.12.16 19:02:41.114,0.97255,0.9728,1.12,1.00
2016.12.16 19:02:41.632,0.97255,0.97279,1.12,1.00
2016.12.16 19:02:42.434,0.97254,0.9728,1.87,1.00
2016.12.16 19:02:42.977,0.97258,0.97279,1.00,1.00
2016.12.16 19:02:43.100,0.97258,0.97282,1.00,1.87
2016.12.16 19:02:43.301,0.97258,0.97279,1.00,1.00
2016.12.16 19:02:44.110,0.97258,0.97278,1.00,1.00
2016.12.16 19:02:44.737,0.97259,0.97279,1.00,1.00
2016.12.16 19:02:45.286,0.97259,0.97282,1.00,1.87
2016.12.16 19:02:45.487,0.97264,0.97281,1.00,1.12
2016.12.16 19:02:45.538,0.97258,0.97281,1.00,1.87
2016.12.16 19:02:45.639,0.97258,0.97279,1.00,1.00
2016.12.16 19:02:45.941,0.97264,0.97281,1.00,1.87
2016.12.16 19:02:46.320,0.97264,0.97279,1.00,1.00
2016.12.16 19:02:46.909,0.97264,0.9728,1.00,1.00
2016.12.16 19:02:47.425,0.97264,0.97278,1.00,1.00
2016.12.16 19:02:47.475,0.97259,0.97277,1.00,1.00
2016.12.16 19:02:47.576,0.97259,0.97278,1.00,1.75
2016.12.16 19:02:50.585,0.97259,0.97277,1.00,1.12
2016.12.16 19:02:52.371,0.97259,0.97278,1.00,1.75
2016.12.16 19:02:53.228,0.97258,0.97278,1.00,1.75
2016.12.16 19:02:53.379,0.97258,0.9728,1.00,1.37
2016.12.16 19:02:53.480,0.97264,0.9728,1.00,1.00
2016.12.16 19:02:54.026,0.97264,0.97279,1.00,1.00
2016.12.16 19:02:55.219,0.97264,0.9728,1.00,1.00
2016.12.16 19:02:55.530,0.97258,0.97281,1.00,1.12
2016.12.16 19:02:56.066,0.97258,0.9728,1.00,1.00
2016.12.16 19:02:56.664,0.97258,0.97281,1.00,1.12
2016.12.16 19:02:56.714,0.97264,0.9728,1.00,1.00
2016.12.16 19:02:57.469,0.97264,0.97281,1.00,1.12
2016.12.16 19:02:57.985,0.97264,0.9728,1.00,1.00
2016.12.16 19:02:58.506,0.97264,0.97281,1.00,1.12
2016.12.16 19:02:59.035,0.97264,0.9728,1.00,1.00
2016.12.16 19:02:59.539,0.97264,0.97282,1.00,1.00
2016.12.16 19:02:59.797,0.97263,0.97279,1.00,1.00
2016.12.16 19:03:00.554,0.97263,0.9728,1.00,1.00
2016.12.16 19:03:01.062,0.97264,0.97281,1.00,1.50
2016.12.16 19:03:01.412,0.97264,0.97279,1.00,1.00
2016.12.16 19:03:01.825,0.97264,0.97281,1.00,1.50
2016.12.16 19:03:02.070,0.97259,0.97277,1.00,1.00
2016.12.16 19:03:02.423,0.97254,0.97278,1.00,1.50
2016.12.16 19:03:03.243,0.97254,0.97277,1.50,1.00
2016.12.16 19:03:03.818,0.97254,0.97278,1.00,1.50
2016.12.16 19:03:04.019,0.97263,0.9728,1.00,2.85
2016.12.16 19:03:06.262,0.97259,0.97277,1.00,1.00
2016.12.16 19:03:06.362,0.97259,0.9728,1.00,1.50
2016.12.16 19:03:06.514,0.97264,0.97279,1.00,1.00
2016.12.16 19:03:07.058,0.97264,0.97278,1.00,1.00
2016.12.16 19:03:07.109,0.97259,0.97278,1.00,1.00
2016.12.16 19:03:07.551,0.97253,0.97277,1.50,2.10
2016.12.16 19:03:07.854,0.97254,0.97277,1.00,2.25
2016.12.16 19:03:08.191,0.97254,0.97275,1.00,1.00
2016.12.16 19:03:08.763,0.97254,0.97275,1.00,1.50
2016.12.16 19:03:09.300,0.97249,0.97276,1.00,4.50
2016.12.16 19:03:13.259,0.97249,0.97275,1.00,1.00
2016.12.16 19:03:13.461,0.97254,0.97276,1.00,2.25
2016.12.16 19:03:14.015,0.97254,0.97275,1.00,1.00
2016.12.16 19:03:14.701,0.97254,0.97276,1.00,2.25
2016.12.16 19:03:15.361,0.97254,0.97275,1.00,1.00
2016.12.16 19:03:17.723,0.97254,0.97276,1.00,2.25
2016.12.16 19:03:20.424,0.97252,0.9728,1.12,3.00
2016.12.16 19:03:20.526,0.97256,0.97285,1.50,3.00
2016.12.16 19:03:20.898,0.97263,0.97284,1.00,1.12
2016.12.16 19:03:22.869,0.97264,0.97285,1.00,1.87
2016.12.16 19:03:23.166,0.97259,0.97285,1.00,1.87
2016.12.16 19:03:23.401,0.97263,0.97285,1.00,1.87
2016.12.16 19:03:25.517,0.97263,0.9728,1.00,1.00
2016.12.16 19:03:25.704,0.97263,0.97282,1.00,1.00
2016.12.16 19:03:25.755,0.97263,0.97276,1.00,1.00
2016.12.16 19:03:25.906,0.97263,0.97282,1.00,2.10
2016.12.16 19:03:25.957,0.97254,0.97282,1.50,2.10
2016.12.16 19:03:26.008,0.97258,0.97282,1.00,1.67
2016.12.16 19:03:26.421,0.97264,0.97282,1.00,1.12
2016.12.16 19:03:28.717,0.97263,0.97286,1.00,1.75
2016.12.16 19:03:28.768,0.97263,0.97286,1.00,1.87
2016.12.16 19:03:28.919,0.9726,0.97284,1.00,1.00
2016.12.16 19:03:28.980,0.97264,0.97284,1.00,1.00
2016.12.16 19:03:29.030,0.97264,0.97286,1.00,3.00
2016.12.16 19:03:29.182,0.97264,0.97283,1.00,1.00
2016.12.16 19:03:29.488,0.97268,0.97286,1.00,1.50
2016.12.16 19:03:30.113,0.97264,0.97286,1.00,1.00
2016.12.16 19:03:30.314,0.97264,0.97283,1.00,1.00
2016.12.16 19:03:31.080,0.97264,0.97282,1.00,1.00
2016.12.16 19:03:31.383,0.97264,0.97281,1.00,1.37
2016.12.16 19:03:31.434,0.97264,0.97283,1.00,1.87
2016.12.16 19:03:31.655,0.97264,0.97278,1.00,1.00
2016.12.16 19:03:31.915,0.97264,0.97282,1.00,1.50
2016.12.16 19:03:34.326,0.97264,0.97279,1.00,1.00
2016.12.16 19:03:35.151,0.97264,0.97281,1.00,1.12
2016.12.16 19:03:36.024,0.97264,0.97279,1.00,1.00
2016.12.16 19:03:36.208,0.97264,0.97281,1.00,1.12
2016.12.16 19:03:38.665,0.97256,0.97282,1.00,1.50
2016.12.16 19:03:38.716,0.97263,0.97283,1.00,2.25
2016.12.16 19:03:39.257,0.97258,0.97283,1.50,1.75
2016.12.16 19:03:39.357,0.97258,0.97284,1.00,1.50
2016.12.16 19:03:40.082,0.97259,0.97283,1.00,1.00
2016.12.16 19:03:41.521,0.97259,0.97283,1.00,1.37
2016.12.16 19:03:45.146,0.97263,0.97284,1.00,1.50
2016.12.16 19:03:45.247,0.97263,0.97284,1.50,1.00
2016.12.16 19:03:45.399,0.97263,0.97288,1.50,2.25
2016.12.16 19:03:45.449,0.97263,0.97287,1.50,1.37
2016.12.16 19:03:46.219,0.97263,0.97284,1.00,1.00
2016.12.16 19:03:46.780,0.97263,0.97285,1.00,1.50
2016.12.16 19:03:47.082,0.97269,0.97289,1.00,1.00
2016.12.16 19:03:47.645,0.97269,0.97286,1.00,1.00
2016.12.16 19:03:47.696,0.97269,0.97288,1.00,1.00
2016.12.16 19:03:48.297,0.97269,0.97287,1.00,1.00
2016.12.16 19:03:48.809,0.97269,0.97288,1.00,1.12
2016.12.16 19:03:49.323,0.97269,0.97289,1.00,1.00
2016.12.16 19:03:49.424,0.97269,0.97287,1.00,1.00
2016.12.16 19:03:49.475,0.97269,0.97289,1.00,1.00
2016.12.16 19:03:49.722,0.97265,0.97289,1.00,1.00
2016.12.16 19:03:49.965,0.97269,0.97289,1.00,1.00
2016.12.16 19:03:51.303,0.97269,0.9729,1.00,1.12
2016.12.16 19:03:54.922,0.97273,0.97289,1.00,1.00
2016.12.16 19:03:55.424,0.97274,0.9729,1.00,1.37
2016.12.16 19:03:56.494,0.97274,0.97286,1.00,1.00
2016.12.16 19:03:56.544,0.97264,0.97286,1.00,1.00
2016.12.16 19:03:57.082,0.97264,0.97286,1.00,1.50
2016.12.16 19:03:57.233,0.97262,0.97287,1.00,3.75
2016.12.16 19:03:57.384,0.97262,0.97287,1.50,1.00
2016.12.16 19:03:57.536,0.97261,0.97288,1.12,1.37
2016.12.16 19:03:58.135,0.97262,0.97287,1.00,1.12
2016.12.16 19:03:58.357,0.97269,0.97288,1.00,1.00
2016.12.16 19:03:58.558,0.97261,0.97287,1.12,1.50
2016.12.16 19:03:58.810,0.97264,0.97288,1.00,3.00
2016.12.16 19:03:59.382,0.97264,0.97287,1.00,1.00
2016.12.16 19:04:00.007,0.97264,0.97288,1.00,1.12
2016.12.16 19:04:00.386,0.97264,0.97285,1.00,1.00
2016.12.16 19:04:00.688,0.97269,0.97289,1.00,1.75
2016.12.16 19:04:00.789,0.97269,0.97291,1.00,1.00
2016.12.16 19:04:00.940,0.97273,0.97292,1.00,1.12
2016.12.16 19:04:01.504,0.97273,0.97291,1.00,1.12
2016.12.16 19:04:01.806,0.97274,0.97293,1.00,2.25
2016.12.16 19:04:01.907,0.97269,0.97293,1.00,2.25
2016.12.16 19:04:02.026,0.97273,0.97293,1.00,1.00
2016.12.16 19:04:02.127,0.97273,0.97298,1.00,1.50
2016.12.16 19:04:02.329,0.97278,0.97297,1.00,1.00
2016.12.16 19:04:02.631,0.97269,0.97291,2.25,1.00
2016.12.16 19:04:02.833,0.97268,0.97293,2.25,1.00
2016.12.16 19:04:02.943,0.97268,0.97293,1.12,1.00
2016.12.16 19:04:03.216,0.97266,0.97291,2.25,1.00
2016.12.16 19:04:03.476,0.97269,0.97293,1.50,1.00
2016.12.16 19:04:03.982,0.97268,0.97296,1.50,1.75
2016.12.16 19:04:04.572,0.97269,0.97296,1.00,1.75
2016.12.16 19:04:05.280,0.97269,0.97293,1.00,1.00
2016.12.16 19:04:05.331,0.97269,0.97291,1.00,1.00
2016.12.16 19:04:05.784,0.97273,0.97291,1.00,1.50
2016.12.16 19:04:06.427,0.97273,0.9729,1.00,1.00
2016.12.16 19:04:07.241,0.97269,0.9729,1.00,1.50
2016.12.16 19:04:08.205,0.97264,0.97291,1.50,2.25
2016.12.16 19:04:08.255,0.97268,0.97291,1.00,1.00
2016.12.16 19:04:09.023,0.97268,0.97292,1.12,1.00
2016.12.16 19:04:09.898,0.97269,0.97292,1.00,1.00
2016.12.16 19:04:10.654,0.97269,0.97293,1.00,1.50
2016.12.16 19:04:11.310,0.97269,0.97292,1.00,1.00
2016.12.16 19:04:11.627,0.97268,0.97291,1.00,1.50
2016.12.16 19:04:13.220,0.97269,0.97293,1.00,2.25
2016.12.16 19:04:13.677,0.97265,0.97292,1.37,1.37
2016.12.16 19:04:13.727,0.97269,0.97293,1.00,1.12
2016.12.16 19:04:14.043,0.97269,0.97294,1.00,1.75
2016.12.16 19:04:14.361,0.97273,0.97294,1.00,1.75
2016.12.16 19:04:15.319,0.97273,0.97294,1.00,1.50
2016.12.16 19:04:15.369,0.97273,0.97294,1.00,1.50
2016.12.16 19:04:15.682,0.97273,0.97292,1.00,1.00
2016.12.16 19:04:15.834,0.97269,0.97289,1.00,1.00
2016.12.16 19:04:16.368,0.97269,0.97288,1.00,1.50
2016.12.16 19:04:17.027,0.97269,0.97289,1.00,1.50
2016.12.16 19:04:17.246,0.97269,0.97287,1.00,1.00
2016.12.16 19:04:18.298,0.97269,0.97292,1.00,1.75
2016.12.16 19:04:18.449,0.97268,0.9729,1.00,1.00
2016.12.16 19:04:18.550,0.97268,0.97294,1.00,1.50
2016.12.16 19:04:18.723,0.97274,0.97294,1.00,1.50
2016.12.16 19:04:19.079,0.97274,0.97291,1.00,1.00
2016.12.16 19:04:19.488,0.97274,0.97293,1.00,1.00
2016.12.16 19:04:19.539,0.97269,0.97292,1.00,1.00
2016.12.16 19:04:19.790,0.97269,0.97294,1.50,1.00
2016.12.16 19:04:20.169,0.97271,0.97295,1.00,1.00
2016.12.16 19:04:20.727,0.97274,0.97296,1.00,1.00
2016.12.16 19:04:25.743,0.97274,0.97297,1.00,1.00
2016.12.16 19:04:26.381,0.97274,0.97298,1.00,1.50
2016.12.16 19:04:27.136,0.97272,0.97298,1.50,1.00
2016.12.16 19:04:27.237,0.9727,0.97293,1.50,1.00
2016.12.16 19:04:27.288,0.9727,0.97293,1.12,1.00
2016.12.16 19:04:27.389,0.9727,0.97295,1.12,1.12
2016.12.16 19:04:27.691,0.97272,0.97295,1.00,1.00
2016.12.16 19:04:28.216,0.97271,0.97295,1.12,1.00
2016.12.16 19:04:28.565,0.97274,0.97295,1.00,1.00
2016.12.16 19:04:28.856,0.97274,0.97297,1.00,1.12
2016.12.16 19:04:29.401,0.97274,0.97296,1.00,1.00
2016.12.16 19:04:29.942,0.97274,0.97297,1.00,1.12
2016.12.16 19:04:30.954,0.97278,0.97297,1.00,1.12
2016.12.16 19:04:31.256,0.97278,0.97295,1.00,1.00
2016.12.16 19:04:31.357,0.97274,0.97296,1.00,1.00
2016.12.16 19:04:31.408,0.97274,0.97294,1.00,1.00
2016.12.16 19:04:31.992,0.97274,0.97295,1.00,1.00
2016.12.16 19:04:32.093,0.97271,0.97294,1.00,1.00
2016.12.16 19:04:32.144,0.97274,0.97294,1.00,1.00
2016.12.16 19:04:32.194,0.97271,0.97294,1.00,1.00
2016.12.16 19:04:32.245,0.97274,0.97294,1.00,1.00
2016.12.16 19:04:32.664,0.97271,0.97294,1.00,1.00
2016.12.16 19:04:33.224,0.97273,0.97296,1.00,1.00
2016.12.16 19:04:33.859,0.9727,0.97296,1.50,1.00
2016.12.16 19:04:34.204,0.9727,0.97294,1.50,1.00
2016.12.16 19:04:34.633,0.97273,0.97295,1.00,1.00
2016.12.16 19:04:34.798,0.9727,0.97295,1.50,1.00
2016.12.16 19:04:35.468,0.9727,0.97296,1.50,1.00
2016.12.16 19:04:36.047,0.97271,0.97295,1.00,1.00
2016.12.16 19:04:36.248,0.97273,0.97295,1.00,1.00
2016.12.16 19:04:36.786,0.97274,0.97297,1.00,1.00
2016.12.16 19:04:37.373,0.97274,0.97296,1.00,1.00
2016.12.16 19:04:39.965,0.97278,0.97299,1.00,1.00
2016.12.16 19:04:40.267,0.97278,0.97296,1.00,1.00
2016.12.16 19:04:40.318,0.97274,0.97296,1.00,1.00
2016.12.16 19:04:40.535,0.97274,0.97299,1.00,1.87
2016.12.16 19:04:40.716,0.97278,0.97298,1.00,1.00
2016.12.16 19:04:40.957,0.97274,0.97299,1.00,1.87
2016.12.16 19:04:41.007,0.97274,0.97297,1.00,1.00
2016.12.16 19:04:41.511,0.97273,0.97296,1.50,1.50
2016.12.16 19:04:45.484,0.97273,0.97295,1.00,1.00
2016.12.16 19:04:46.018,0.97273,0.97294,1.00,1.50
2016.12.16 19:04:46.418,0.97269,0.97293,1.00,1.00
2016.12.16 19:04:46.944,0.97268,0.97293,1.50,1.00
2016.12.16 19:04:47.264,0.97273,0.97293,1.00,1.00
2016.12.16 19:04:47.522,0.97269,0.97294,1.00,1.50
2016.12.16 19:04:48.220,0.97274,0.97294,1.00,1.50
2016.12.16 19:04:48.750,0.97274,0.97293,1.00,1.00
2016.12.16 19:04:49.465,0.97274,0.97294,1.00,1.00
2016.12.16 19:04:49.690,0.97268,0.97294,2.25,1.00
2016.12.16 19:04:49.964,0.97273,0.97294,1.00,1.00
2016.12.16 19:04:50.137,0.97269,0.97294,1.50,1.00
2016.12.16 19:04:50.754,0.97269,0.97295,1.00,1.50
2016.12.16 19:04:50.855,0.97274,0.97294,1.00,1.00
2016.12.16 19:04:51.406,0.97274,0.97295,1.00,1.50
2016.12.16 19:04:51.457,0.97269,0.97295,1.50,1.00
2016.12.16 19:04:52.086,0.97269,0.97294,1.50,1.00
2016.12.16 19:04:53.406,0.9727,0.97294,1.00,1.00
2016.12.16 19:04:53.970,0.97269,0.97295,1.00,1.50
2016.12.16 19:04:54.304,0.97271,0.97294,1.00,1.00
2016.12.16 19:04:54.519,0.97269,0.97295,1.50,1.50
2016.12.16 19:04:55.106,0.97274,0.97295,1.00,1.00
2016.12.16 19:04:55.257,0.97274,0.97297,1.00,1.50
2016.12.16 19:04:56.178,0.97274,0.97296,1.00,1.00
2016.12.16 19:04:56.457,0.97274,0.97296,1.00,1.37
2016.12.16 19:04:59.481,0.97274,0.97293,1.00,1.00
2016.12.16 19:04:59.632,0.97269,0.97293,1.00,1.50
2016.12.16 19:05:00.526,0.97272,0.97294,1.00,1.12
2016.12.16 19:05:00.728,0.97273,0.97301,1.00,4.12
2016.12.16 19:05:00.778,0.97276,0.97301,1.50,1.50
2016.12.16 19:05:00.914,0.97276,0.97301,1.50,1.12
2016.12.16 19:05:01.212,0.97278,0.973,1.00,1.00
2016.12.16 19:05:02.167,0.97277,0.973,1.00,1.00
2016.12.16 19:05:02.709,0.97278,0.973,1.00,1.00
2016.12.16 19:05:03.091,0.97281,0.97303,1.00,1.50
2016.12.16 19:05:03.141,0.9728,0.97304,1.00,1.37
2016.12.16 19:05:03.242,0.9728,0.97304,1.37,1.37
2016.12.16 19:05:03.293,0.9728,0.97307,1.75,1.12
2016.12.16 19:05:03.444,0.9728,0.97307,1.12,1.37
2016.12.16 19:05:03.545,0.9728,0.97306,1.00,2.62
2016.12.16 19:05:04.222,0.97279,0.97305,1.00,1.50
2016.12.16 19:05:05.271,0.9728,0.97305,1.00,1.50
2016.12.16 19:05:05.966,0.97282,0.97305,1.00,1.50
2016.12.16 19:05:06.387,0.97284,0.97305,1.00,1.50
2016.12.16 19:05:07.404,0.97281,0.97305,1.00,1.50
2016.12.16 19:05:08.338,0.97284,0.97305,1.00,1.50
2016.12.16 19:05:08.439,0.97284,0.97307,1.00,1.87
2016.12.16 19:05:08.590,0.97283,0.97306,1.00,1.37
2016.12.16 19:05:09.105,0.97283,0.97303,1.00,1.00
2016.12.16 19:05:10.003,0.97283,0.97302,1.00,1.00
2016.12.16 19:05:10.653,0.97283,0.97303,1.00,1.00
2016.12.16 19:05:11.366,0.97283,0.97302,1.00,1.00
2016.12.16 19:05:11.822,0.97283,0.97304,1.00,1.00
2016.12.16 19:05:13.527,0.97276,0.97301,1.00,1.00
2016.12.16 19:05:13.678,0.97279,0.97301,1.00,1.50
2016.12.16 19:05:14.187,0.97278,0.97302,1.00,1.50
2016.12.16 19:05:16.586,0.97278,0.97301,1.00,1.50
2016.12.16 19:05:17.615,0.97278,0.97301,1.00,2.62
2016.12.16 19:05:17.668,0.97274,0.97299,1.00,1.37
2016.12.16 19:05:17.820,0.97274,0.97298,1.00,1.12
2016.12.16 19:05:17.871,0.97279,0.97298,1.00,1.12
2016.12.16 19:05:21.722,0.97279,0.97299,1.00,1.12
2016.12.16 19:05:22.756,0.97279,0.973,1.00,1.12
2016.12.16 19:05:23.321,0.97279,0.97299,1.00,1.00
2016.12.16 19:05:24.372,0.97284,0.973,1.00,1.12
2016.12.16 19:05:24.473,0.97278,0.97299,1.00,1.00
2016.12.16 19:05:25.133,0.97278,0.973,1.00,1.12
2016.12.16 19:05:25.302,0.97275,0.97299,1.12,1.00
2016.12.16 19:05:30.012,0.97278,0.97299,1.00,1.00
2016.12.16 19:05:30.581,0.97278,0.973,1.00,1.12
2016.12.16 19:05:31.373,0.97278,0.97299,1.00,1.00
2016.12.16 19:05:32.344,0.97278,0.973,1.00,1.12
2016.12.16 19:05:33.278,0.97278,0.97299,1.00,1.00
2016.12.16 19:05:35.917,0.97274,0.973,1.37,2.62
2016.12.16 19:05:36.611,0.97274,0.97299,1.37,1.00
2016.12.16 19:05:37.372,0.97273,0.973,1.50,1.12
2016.12.16 19:05:37.931,0.97273,0.97299,2.25,1.00
2016.12.16 19:05:39.092,0.97273,0.973,1.50,1.12
2016.12.16 19:05:39.611,0.97273,0.97299,2.25,1.00
2016.12.16 19:05:40.322,0.97273,0.973,1.50,3.37
2016.12.16 19:05:40.830,0.97273,0.97299,2.25,1.00
2016.12.16 19:05:41.647,0.97273,0.973,1.50,1.12
2016.12.16 19:05:42.163,0.97274,0.97299,1.37,1.50
2016.12.16 19:05:42.666,0.97274,0.97298,1.12,1.00
2016.12.16 19:05:42.824,0.97279,0.97298,1.00,1.00
2016.12.16 19:05:43.347,0.97279,0.97299,1.00,1.00
2016.12.16 19:05:43.958,0.97279,0.97298,1.00,1.00
2016.12.16 19:05:44.618,0.97279,0.97299,1.00,1.00
2016.12.16 19:05:45.328,0.97279,0.97298,1.00,1.00
2016.12.16 19:05:45.935,0.97279,0.97299,1.00,1.00
2016.12.16 19:05:46.507,0.97279,0.97298,1.00,1.00
2016.12.16 19:05:46.557,0.97272,0.973,2.81,1.12
2016.12.16 19:05:46.608,0.97272,0.973,1.75,1.00
2016.12.16 19:05:46.709,0.97271,0.973,1.75,1.12
2016.12.16 19:05:46.900,0.97279,0.97299,1.00,1.00
2016.12.16 19:05:47.409,0.97279,0.97302,1.00,1.50
2016.12.16 19:05:49.340,0.97275,0.97301,1.00,1.87
2016.12.16 19:05:49.485,0.97274,0.97298,1.12,1.00
2016.12.16 19:05:50.225,0.97274,0.97299,1.12,1.00
2016.12.16 19:05:50.869,0.97274,0.97298,1.12,1.00
2016.12.16 19:05:52.330,0.97274,0.97299,1.12,1.00
2016.12.16 19:05:52.869,0.97274,0.97298,1.12,1.00
2016.12.16 19:05:56.038,0.97275,0.97298,1.00,1.00
2016.12.16 19:05:56.568,0.97273,0.97299,1.37,1.00
2016.12.16 19:05:58.005,0.97274,0.97298,1.12,1.00
2016.12.16 19:05:58.564,0.97275,0.97298,1.00,1.12
2016.12.16 19:05:59.103,0.97274,0.97298,1.50,1.12
2016.12.16 19:05:59.908,0.97275,0.97298,1.00,1.12
2016.12.16 19:06:00.490,0.97274,0.97298,1.50,1.12
2016.12.16 19:06:00.794,0.97274,0.97296,2.25,1.00
2016.12.16 19:06:01.098,0.97278,0.97297,1.00,1.00
2016.12.16 19:06:01.442,0.97274,0.97297,1.00,1.00
2016.12.16 19:06:01.951,0.97273,0.97297,1.50,1.00
2016.12.16 19:06:02.325,0.97279,0.97298,1.00,1.00
2016.12.16 19:06:02.827,0.97279,0.97297,1.00,1.00
2016.12.16 19:06:03.251,0.97273,0.97297,1.00,1.00
2016.12.16 19:06:03.656,0.97273,0.973,1.00,2.25
2016.12.16 19:06:03.857,0.97273,0.97299,1.00,1.37
2016.12.16 19:06:09.566,0.97273,0.97297,1.00,1.00
2016.12.16 19:06:10.088,0.97272,0.973,1.12,2.25
2016.12.16 19:06:10.189,0.97279,0.97301,1.00,3.00
2016.12.16 19:06:10.240,0.97271,0.97301,1.50,2.25
2016.12.16 19:06:12.553,0.97269,0.973,2.25,1.87
2016.12.16 19:06:13.160,0.97269,0.973,2.25,2.25
2016.12.16 19:06:13.462,0.97268,0.97299,3.00,1.50
2016.12.16 19:06:13.998,0.97268,0.97299,3.00,2.25
2016.12.16 19:06:15.641,0.97274,0.97298,1.00,1.37
2016.12.16 19:06:16.200,0.97274,0.973,1.00,3.00
2016.12.16 19:06:22.415,0.97273,0.97301,1.72,3.00
2016.12.16 19:06:22.516,0.97273,0.97301,2.47,1.87
2016.12.16 19:06:22.667,0.97278,0.97301,1.00,1.50
2016.12.16 19:06:24.553,0.97278,0.973,1.00,1.50
2016.12.16 19:06:26.090,0.97279,0.973,1.00,1.50
2016.12.16 19:06:29.952,0.97279,0.97301,1.00,2.25
2016.12.16 19:06:30.737,0.97279,0.973,1.00,1.50
2016.12.16 19:06:31.053,0.97278,0.97307,1.00,2.62
2016.12.16 19:06:31.104,0.97278,0.97308,3.37,3.37
2016.12.16 19:06:31.205,0.97283,0.9731,1.00,2.25
2016.12.16 19:06:31.406,0.97288,0.9731,1.00,1.37
2016.12.16 19:06:31.507,0.97288,0.97311,1.00,1.00
2016.12.16 19:06:33.038,0.97288,0.97309,1.00,1.00
2016.12.16 19:06:34.066,0.97284,0.97309,1.00,1.00
2016.12.16 19:06:34.289,0.97282,0.97309,1.00,1.50
2016.12.16 19:06:34.339,0.97279,0.97309,2.25,1.50
2016.12.16 19:06:34.460,0.97282,0.97309,1.00,1.50
2016.12.16 19:06:36.957,0.97283,0.9731,1.00,2.25
2016.12.16 19:06:37.273,0.97289,0.97309,1.00,1.50
2016.12.16 19:06:37.757,0.97284,0.97309,1.00,1.50
2016.12.16 19:06:38.575,0.97289,0.97309,1.00,1.50
2016.12.16 19:06:42.546,0.97284,0.97309,1.00,1.50
2016.12.16 19:06:42.799,0.97278,0.97309,2.25,2.25
2016.12.16 19:06:43.534,0.97278,0.97307,2.25,1.00
2016.12.16 19:06:43.851,0.97278,0.97308,1.50,1.75
2016.12.16 19:06:44.207,0.97283,0.97309,1.00,6.37
2016.12.16 19:06:46.062,0.97279,0.97308,1.12,3.00
2016.12.16 19:06:46.655,0.97283,0.97308,1.00,4.50
2016.12.16 19:06:47.158,0.97283,0.97306,1.00,1.75
2016.12.16 19:06:51.572,0.97276,0.97306,2.25,2.25
2016.12.16 19:06:51.720,0.97283,0.97306,1.00,2.25
2016.12.16 19:06:56.158,0.97283,0.97306,1.00,1.75
2016.12.16 19:06:56.683,0.97283,0.97306,1.00,1.37
2016.12.16 19:06:57.525,0.97283,0.97307,1.00,1.00
2016.12.16 19:06:58.038,0.97283,0.97306,1.00,1.00
2016.12.16 19:07:00.478,0.97283,0.97307,1.00,1.50
2016.12.16 19:07:00.579,0.97289,0.97307,1.00,1.00
2016.12.16 19:07:00.781,0.97294,0.97316,1.00,1.50
2016.12.16 19:07:00.832,0.97288,0.97316,1.75,2.25
2016.12.16 19:07:01.184,0.97293,0.97314,1.00,1.00
2016.12.16 19:07:01.643,0.97293,0.97317,1.50,1.87
2016.12.16 19:07:01.995,0.97292,0.97313,1.00,1.00
2016.12.16 19:07:02.297,0.97289,0.97311,1.50,1.00
2016.12.16 19:07:02.822,0.97289,0.97316,2.25,2.62
2016.12.16 19:07:02.872,0.97294,0.97315,1.00,2.62
2016.12.16 19:07:03.329,0.97289,0.9731,1.00,1.12
2016.12.16 19:07:04.081,0.97289,0.97312,1.00,1.50
2016.12.16 19:07:04.500,0.97298,0.97312,1.00,1.50
2016.12.16 19:07:04.720,0.97289,0.97311,1.00,1.00
2016.12.16 19:07:05.347,0.97289,0.97312,1.00,1.50
2016.12.16 19:07:05.771,0.97294,0.97312,1.00,1.00
2016.12.16 19:07:06.022,0.97293,0.97317,1.75,1.00
2016.12.16 19:07:06.224,0.97293,0.97317,1.00,1.00
2016.12.16 19:07:08.355,0.97296,0.97317,1.00,1.50
2016.12.16 19:07:08.716,0.97294,0.97317,1.50,1.00
2016.12.16 19:07:09.795,0.9729,0.97316,1.00,1.00
2016.12.16 19:07:09.846,0.97294,0.97313,1.00,1.00
2016.12.16 19:07:10.199,0.97289,0.97309,1.00,1.00
2016.12.16 19:07:10.440,0.97289,0.97311,1.00,1.00
2016.12.16 19:07:10.989,0.97289,0.9731,1.00,1.00
2016.12.16 19:07:11.593,0.97289,0.97311,1.00,2.62
2016.12.16 19:07:12.222,0.97289,0.97314,1.00,1.00
2016.12.16 19:07:12.365,0.97293,0.97313,1.00,1.00
2016.12.16 19:07:12.820,0.97288,0.97314,2.25,2.25
2016.12.16 19:07:13.437,0.97289,0.97313,1.00,1.00
2016.12.16 19:07:14.626,0.97289,0.97313,1.00,1.50
2016.12.16 19:07:17.497,0.97289,0.97314,1.00,2.25
2016.12.16 19:07:18.436,0.97289,0.9731,1.00,1.00
2016.12.16 19:07:18.961,0.97289,0.97313,1.00,1.50
2016.12.16 19:07:19.012,0.97289,0.97313,1.00,1.12
2016.12.16 19:07:19.522,0.97289,0.97312,1.00,1.00
2016.12.16 19:07:19.738,0.97294,0.97313,1.00,1.12
2016.12.16 19:07:21.058,0.97298,0.97314,1.00,1.50
2016.12.16 19:07:21.160,0.97294,0.97315,1.00,1.75
2016.12.16 19:07:21.261,0.97292,0.97316,1.00,1.75
2016.12.16 19:07:21.412,0.97294,0.97316,1.00,1.75
2016.12.16 19:07:21.880,0.97299,0.97316,1.00,2.25
2016.12.16 19:07:24.996,0.9729,0.97315,1.00,1.75
2016.12.16 19:07:26.726,0.9729,0.97314,1.12,1.00
2016.12.16 19:07:27.453,0.97289,0.97315,1.50,1.12
2016.12.16 19:07:29.050,0.97298,0.97315,1.00,1.12
2016.12.16 19:07:31.083,0.97289,0.97315,1.50,1.12
2016.12.16 19:07:31.696,0.97288,0.97315,1.50,1.12
2016.12.16 19:07:33.504,0.97289,0.97314,1.00,1.00
2016.12.16 19:07:34.018,0.97293,0.97315,1.00,1.12
2016.12.16 19:07:34.594,0.97289,0.97315,1.50,1.12
2016.12.16 19:07:35.104,0.97289,0.97314,1.00,1.00
2016.12.16 19:07:35.723,0.97289,0.97313,1.50,1.00
2016.12.16 19:07:36.019,0.97289,0.97315,1.00,1.12
2016.12.16 19:07:36.069,0.97293,0.97315,1.00,1.12
2016.12.16 19:07:36.475,0.97294,0.97319,1.00,1.50
2016.12.16 19:07:36.578,0.97298,0.97317,1.00,1.50
2016.12.16 19:07:36.629,0.97294,0.97317,1.50,2.25
2016.12.16 19:07:36.881,0.97294,0.97315,1.00,1.00
2016.12.16 19:07:37.828,0.97289,0.97315,1.00,1.50
2016.12.16 19:07:40.112,0.97288,0.97315,1.50,1.00
2016.12.16 19:07:40.825,0.97289,0.97315,1.00,1.50
2016.12.16 19:07:41.436,0.97288,0.97315,1.50,1.00
2016.12.16 19:07:42.368,0.9729,0.97315,1.60,1.00
2016.12.16 19:07:42.470,0.97292,0.97317,2.10,1.00
2016.12.16 19:07:42.671,0.97294,0.97321,1.50,1.00
2016.12.16 19:07:42.772,0.97296,0.97319,1.00,1.00
2016.12.16 19:07:42.994,0.97294,0.97319,1.00,1.00
2016.12.16 19:07:43.503,0.97295,0.97319,1.00,1.50
2016.12.16 19:07:43.971,0.97293,0.97319,1.50,1.00
2016.12.16 19:07:44.327,0.97296,0.97319,1.00,1.50
2016.12.16 19:07:45.272,0.97295,0.97319,1.00,1.12
2016.12.16 19:07:45.826,0.97294,0.9732,1.12,1.37
2016.12.16 19:07:47.378,0.97294,0.9732,1.00,1.75
2016.12.16 19:07:48.087,0.97294,0.97319,1.00,1.75
2016.12.16 19:07:50.743,0.97298,0.97321,1.00,3.37
2016.12.16 19:07:51.096,0.97298,0.97322,1.00,1.00
2016.12.16 19:07:55.560,0.97295,0.97322,1.50,1.00
2016.12.16 19:07:55.661,0.97295,0.9732,1.12,1.00
2016.12.16 19:07:55.964,0.97293,0.97319,1.50,1.75
2016.12.16 19:07:56.476,0.97294,0.97319,1.00,1.75
2016.12.16 19:07:57.102,0.97293,0.9732,1.50,2.62
2016.12.16 19:07:57.532,0.97299,0.9732,1.00,1.50
2016.12.16 19:07:57.633,0.97294,0.9732,1.50,1.50
2016.12.16 19:07:57.765,0.97299,0.9732,1.00,1.50
2016.12.16 19:07:57.974,0.97294,0.9732,1.00,1.50
2016.12.16 19:07:58.025,0.97299,0.97321,1.00,1.75
2016.12.16 19:07:58.132,0.97294,0.97321,1.00,2.25
2016.12.16 19:07:58.327,0.97299,0.97321,1.00,1.75
2016.12.16 19:07:58.634,0.97304,0.97321,1.00,1.75
2016.12.16 19:07:59.299,0.97293,0.97321,3.37,1.75
2016.12.16 19:07:59.504,0.97295,0.97322,1.00,3.00
2016.12.16 19:08:00.009,0.97294,0.97322,1.00,3.75
2016.12.16 19:08:01.229,0.97295,0.97321,1.00,1.75
2016.12.16 19:08:01.532,0.97299,0.9732,1.00,3.00
2016.12.16 19:08:03.085,0.97293,0.97319,1.50,1.12
2016.12.16 19:08:03.213,0.97298,0.97319,1.00,1.12
2016.12.16 19:08:03.323,0.97293,0.97319,1.50,1.12
2016.12.16 19:08:03.968,0.97294,0.97319,1.00,1.12
2016.12.16 19:08:06.685,0.97299,0.9732,1.00,2.25
2016.12.16 19:08:06.988,0.97298,0.97312,1.00,1.00
2016.12.16 19:08:07.255,0.9729,0.97312,1.00,1.50
2016.12.16 19:08:08.475,0.97291,0.97312,1.00,1.00
2016.12.16 19:08:08.526,0.97299,0.97312,1.00,1.00
2016.12.16 19:08:09.150,0.97299,0.97315,1.00,1.50
2016.12.16 19:08:09.676,0.97298,0.97312,1.00,1.12
2016.12.16 19:08:11.018,0.97293,0.97313,1.00,1.12
2016.12.16 19:08:11.861,0.97293,0.97312,1.00,1.00
2016.12.16 19:08:12.114,0.97299,0.97312,1.00,1.00
2016.12.16 19:08:16.653,0.9729,0.97312,1.00,1.00
2016.12.16 19:08:17.229,0.97289,0.97313,1.50,1.12
2016.12.16 19:08:17.750,0.9729,0.97314,1.00,1.37
2016.12.16 19:08:18.252,0.97289,0.97315,1.50,1.50
2016.12.16 19:08:19.046,0.9729,0.97316,1.00,2.25
2016.12.16 19:08:19.558,0.97291,0.97315,1.00,1.50
2016.12.16 19:08:20.200,0.9729,0.97316,1.00,2.25
2016.12.16 19:08:20.623,0.97289,0.97313,1.00,1.75
2016.12.16 19:08:20.935,0.97293,0.97316,1.00,1.75
2016.12.16 19:08:21.036,0.97293,0.97319,1.00,1.00
2016.12.16 19:08:21.237,0.97295,0.97319,1.00,1.00
2016.12.16 19:08:21.918,0.97294,0.97319,1.00,1.00
2016.12.16 19:08:22.478,0.97295,0.97319,1.00,1.00
2016.12.16 19:08:23.761,0.97298,0.97319,1.00,1.00
2016.12.16 19:08:23.812,0.97297,0.97321,1.00,1.00
2016.12.16 19:08:23.963,0.97299,0.97321,1.00,1.50
2016.12.16 19:08:24.512,0.97298,0.97321,1.50,1.00
2016.12.16 19:08:24.828,0.973,0.97321,1.00,1.00
2016.12.16 19:08:25.339,0.97299,0.97322,1.00,1.12
2016.12.16 19:08:29.613,0.97304,0.97322,1.00,1.12
2016.12.16 19:08:29.664,0.973,0.97326,1.60,2.25
2016.12.16 19:08:29.764,0.973,0.97328,1.60,3.00
2016.12.16 19:08:29.815,0.973,0.97327,1.60,1.00
2016.12.16 19:08:29.866,0.97303,0.97327,1.00,1.00
2016.12.16 19:08:30.187,0.97303,0.97325,1.00,1.50
2016.12.16 19:08:30.928,0.97308,0.97327,1.00,2.25
2016.12.16 19:08:31.029,0.97303,0.97329,1.00,1.75
2016.12.16 19:08:31.230,0.97301,0.97327,1.12,1.87
2016.12.16 19:08:31.331,0.97309,0.97326,1.00,1.75
2016.12.16 19:08:31.382,0.973,0.97326,1.00,1.75
2016.12.16 19:08:31.461,0.97298,0.97324,1.00,1.37
2016.12.16 19:08:31.513,0.97301,0.97324,1.00,4.87
2016.12.16 19:08:31.563,0.97299,0.97324,1.00,4.12
2016.12.16 19:08:31.614,0.973,0.97324,1.00,3.00
2016.12.16 19:08:31.665,0.97303,0.97324,1.00,3.00
2016.12.16 19:08:32.467,0.97304,0.97324,1.00,1.75
2016.12.16 19:08:32.518,0.97304,0.97324,1.00,1.37
2016.12.16 19:08:33.025,0.97304,0.97322,1.00,1.00
2016.12.16 19:08:33.514,0.97308,0.97322,1.00,1.00
2016.12.16 19:08:33.819,0.97308,0.97324,1.00,1.12
2016.12.16 19:08:35.268,0.97308,0.97325,1.00,1.00
2016.12.16 19:08:35.884,0.97308,0.97326,1.00,1.00
2016.12.16 19:08:40.478,0.97302,0.97325,1.00,1.00
2016.12.16 19:08:40.529,0.97301,0.97322,1.00,1.00
2016.12.16 19:08:40.749,0.973,0.97324,1.00,1.00
2016.12.16 19:08:40.803,0.97303,0.97323,1.00,1.00
2016.12.16 19:08:41.347,0.97303,0.97324,1.00,1.00
2016.12.16 19:08:41.499,0.97303,0.97326,1.00,1.87
2016.12.16 19:08:42.106,0.97308,0.97327,1.00,2.25
2016.12.16 19:08:42.439,0.97302,0.97324,1.00,1.00
2016.12.16 19:08:42.489,0.97301,0.97322,1.12,1.00
2016.12.16 19:08:42.791,0.97303,0.97322,1.00,1.00
2016.12.16 19:08:43.067,0.97301,0.97323,1.12,1.00
2016.12.16 19:08:45.191,0.97302,0.97322,1.00,1.00
2016.12.16 19:08:48.652,0.97301,0.97323,1.00,1.00
2016.12.16 19:08:50.473,0.97302,0.97322,1.00,1.00
2016.12.16 19:08:50.524,0.97302,0.97324,1.00,1.87
2016.12.16 19:08:51.473,0.973,0.97325,1.00,1.87
2016.12.16 19:08:51.524,0.97301,0.97322,1.00,1.00
2016.12.16 19:08:51.575,0.97298,0.97321,1.37,1.00
2016.12.16 19:08:51.676,0.97304,0.97316,1.00,1.00
2016.12.16 19:08:52.014,0.97294,0.97315,1.00,1.00
2016.12.16 19:08:52.115,0.97304,0.97316,1.00,1.00
2016.12.16 19:08:52.216,0.97296,0.97315,1.00,1.00
2016.12.16 19:08:52.782,0.97295,0.97316,1.00,1.00
2016.12.16 19:08:53.465,0.97295,0.97317,1.00,1.00
2016.12.16 19:08:53.565,0.97297,0.97317,1.00,1.00
2016.12.16 19:08:54.103,0.97296,0.97318,1.00,1.00
2016.12.16 19:08:54.781,0.97297,0.97318,1.00,1.50
2016.12.16 19:08:55.584,0.97295,0.97318,1.00,1.00
2016.12.16 19:08:56.340,0.97296,0.97318,1.00,1.50
2016.12.16 19:08:56.390,0.97295,0.97316,1.00,1.00
2016.12.16 19:08:56.642,0.97295,0.97318,1.00,1.00
2016.12.16 19:08:56.693,0.97297,0.97318,1.00,1.00
2016.12.16 19:08:57.178,0.97296,0.9732,1.00,1.12
2016.12.16 19:08:57.829,0.97296,0.9732,1.50,1.00
2016.12.16 19:08:58.505,0.97296,0.9732,1.00,1.12
2016.12.16 19:09:00.405,0.97294,0.97317,1.37,1.00
2016.12.16 19:09:00.557,0.97293,0.97318,2.25,1.12
2016.12.16 19:09:00.773,0.97296,0.97317,1.00,1.00
2016.12.16 19:09:01.183,0.97298,0.97318,1.00,1.12
2016.12.16 19:09:02.888,0.97298,0.97317,1.00,1.00
2016.12.16 19:09:03.248,0.97298,0.97315,1.00,1.00
2016.12.16 19:09:06.171,0.97298,0.97316,1.00,1.00
2016.12.16 19:09:06.797,0.97298,0.97315,1.00,1.00
2016.12.16 19:09:06.848,0.97298,0.97317,1.00,1.00
2016.12.16 19:09:07.599,0.97298,0.97316,1.00,1.00
2016.12.16 19:09:07.897,0.97298,0.97318,1.00,1.87
2016.12.16 19:09:08.052,0.97298,0.97316,1.00,1.00
2016.12.16 19:09:08.143,0.97295,0.97316,1.00,1.00
2016.12.16 19:09:08.707,0.97295,0.97315,1.00,1.00
2016.12.16 19:09:09.250,0.97295,0.97316,1.00,1.00
2016.12.16 19:09:10.788,0.97294,0.97314,1.00,1.00
2016.12.16 19:09:10.871,0.97292,0.97315,1.00,1.00
2016.12.16 19:09:10.922,0.97294,0.97315,1.00,1.00
2016.12.16 19:09:11.240,0.97293,0.97314,1.00,1.37
2016.12.16 19:09:11.492,0.97293,0.97315,1.00,1.12
2016.12.16 19:09:12.243,0.97294,0.97315,1.00,1.00
2016.12.16 19:09:12.794,0.97293,0.97316,1.50,1.12
2016.12.16 19:09:13.378,0.97294,0.97315,1.00,1.00
2016.12.16 19:09:13.530,0.97303,0.97315,1.00,1.00
2016.12.16 19:09:13.631,0.973,0.97316,1.50,1.50
2016.12.16 19:09:13.682,0.97302,0.9732,1.00,2.25
2016.12.16 19:09:13.732,0.97302,0.97326,1.00,1.75
2016.12.16 19:09:13.885,0.97303,0.97326,1.00,1.37
2016.12.16 19:09:13.999,0.97309,0.97326,1.00,1.00
2016.12.16 19:09:14.553,0.97309,0.97327,1.00,1.00
2016.12.16 19:09:15.051,0.97309,0.97329,1.00,1.12
2016.12.16 19:09:15.553,0.97309,0.97328,1.00,1.00
2016.12.16 19:09:15.708,0.97301,0.97326,1.50,1.00
2016.12.16 19:09:15.759,0.97309,0.97329,1.00,1.87
2016.12.16 19:09:15.924,0.97304,0.97328,1.00,1.50
2016.12.16 19:09:16.683,0.97304,0.97328,1.00,1.50
2016.12.16 19:09:17.426,0.97301,0.97327,1.00,1.50
2016.12.16 19:09:17.527,0.97301,0.97327,1.75,1.00
2016.12.16 19:09:17.632,0.97301,0.97327,1.12,1.12
2016.12.16 19:09:18.245,0.97302,0.97327,1.00,1.12
2016.12.16 19:09:18.763,0.97303,0.97328,1.00,1.37
2016.12.16 19:09:22.124,0.97304,0.97329,1.00,2.25
2016.12.16 19:09:22.225,0.97303,0.97329,1.12,1.87
2016.12.16 19:09:23.172,0.97303,0.97328,1.87,1.00
2016.12.16 19:09:25.044,0.97308,0.97329,1.00,1.87
2016.12.16 19:09:25.610,0.97308,0.97328,1.00,1.00
2016.12.16 19:09:26.129,0.97308,0.97329,1.00,1.12
2016.12.16 19:09:26.933,0.97308,0.97328,1.00,1.00
2016.12.16 19:09:27.592,0.97308,0.97329,1.00,2.62
2016.12.16 19:09:27.970,0.97303,0.97329,1.12,1.87
2016.12.16 19:09:28.242,0.97303,0.97328,1.00,1.75
2016.12.16 19:09:28.443,0.97304,0.97329,1.00,2.25
2016.12.16 19:09:29.343,0.97303,0.97329,1.50,2.25
2016.12.16 19:09:29.902,0.97303,0.97328,1.00,1.00
2016.12.16 19:09:30.459,0.97304,0.97328,1.00,1.50
2016.12.16 19:09:30.613,0.973,0.97328,1.00,2.25
2016.12.16 19:09:30.915,0.97304,0.97329,1.00,2.25
2016.12.16 19:09:31.228,0.97309,0.97327,1.00,1.00
2016.12.16 19:09:31.514,0.97306,0.97329,1.00,1.50
2016.12.16 19:09:32.043,0.97305,0.97329,1.00,1.50
2016.12.16 19:09:32.371,0.97309,0.97329,1.00,1.50
2016.12.16 19:09:32.522,0.97306,0.9733,1.00,1.00
2016.12.16 19:09:32.837,0.97309,0.97328,1.00,1.00
2016.12.16 19:09:33.252,0.97309,0.97331,1.00,1.50
2016.12.16 19:09:34.242,0.97309,0.9733,1.00,1.00
2016.12.16 19:09:34.443,0.97309,0.97332,1.00,1.12
2016.12.16 19:09:34.694,0.97309,0.97329,1.00,1.00
2016.12.16 19:09:34.745,0.97306,0.97329,1.00,1.00
2016.12.16 19:09:34.948,0.97309,0.9733,1.00,1.00
2016.12.16 19:09:35.632,0.97309,0.97331,1.00,1.00
2016.12.16 19:09:36.554,0.97309,0.97328,1.00,1.00
2016.12.16 19:09:36.807,0.97309,0.9733,1.00,1.50
2016.12.16 19:09:37.361,0.97308,0.97329,1.00,1.50
2016.12.16 19:09:40.082,0.97308,0.9733,1.00,1.50
2016.12.16 19:09:40.919,0.97308,0.97329,1.00,1.00
2016.12.16 19:09:41.020,0.97304,0.9733,1.00,1.50
2016.12.16 19:09:41.271,0.97309,0.9733,1.00,1.50
2016.12.16 19:09:41.372,0.97309,0.97332,1.00,1.00
2016.12.16 19:09:41.887,0.97309,0.97333,1.00,1.87
2016.12.16 19:09:42.440,0.97309,0.97332,1.00,1.00
2016.12.16 19:09:42.541,0.97313,0.97332,1.00,1.00
2016.12.16 19:09:43.460,0.97308,0.97332,1.12,1.00
2016.12.16 19:09:44.041,0.97308,0.97333,1.12,1.00
2016.12.16 19:09:44.092,0.97312,0.97331,1.00,1.00
2016.12.16 19:09:44.143,0.97312,0.97336,1.00,1.37
2016.12.16 19:09:44.368,0.97314,0.97338,1.00,1.75
2016.12.16 19:09:51.152,0.97316,0.9734,1.00,4.12
2016.12.16 19:09:51.273,0.97316,0.97341,1.35,2.25
2016.12.16 19:09:51.374,0.97317,0.97341,1.00,1.12
2016.12.16 19:09:51.554,0.97317,0.97342,1.00,1.75
2016.12.16 19:09:51.788,0.97315,0.97342,1.00,3.00
2016.12.16 19:09:52.211,0.97313,0.97342,1.12,2.25
2016.12.16 19:09:52.262,0.97318,0.97343,1.00,3.37
2016.12.16 19:09:52.363,0.97318,0.97343,1.00,1.50
2016.12.16 19:09:53.967,0.97314,0.97341,1.37,1.12
2016.12.16 19:09:55.291,0.97314,0.9734,1.00,1.00
2016.12.16 19:09:55.806,0.97314,0.97341,1.12,1.00
2016.12.16 19:09:55.856,0.97314,0.97342,1.12,2.10
2016.12.16 19:09:56.159,0.97319,0.97342,1.00,5.62
2016.12.16 19:09:56.686,0.97319,0.97342,1.00,2.25
2016.12.16 19:09:57.543,0.97313,0.97342,1.50,1.75
2016.12.16 19:09:58.198,0.97313,0.97338,1.00,1.50
2016.12.16 19:09:58.299,0.97307,0.97337,5.62,1.12
2016.12.16 19:09:58.610,0.97308,0.97337,1.87,2.25
2016.12.16 19:09:59.142,0.97308,0.97337,1.00,5.62
2016.12.16 19:10:01.134,0.97304,0.97336,3.00,1.75
2016.12.16 19:10:01.185,0.97308,0.97335,1.00,1.00
2016.12.16 19:10:01.475,0.97314,0.97335,1.00,1.00
2016.12.16 19:10:02.012,0.97308,0.97335,1.50,1.00
2016.12.16 19:10:02.758,0.97309,0.97335,1.00,1.00
2016.12.16 19:10:03.411,0.97308,0.97335,1.00,1.00
2016.12.16 19:10:03.464,0.97314,0.97337,1.00,1.50
2016.12.16 19:10:03.515,0.97309,0.97337,1.75,1.50
2016.12.16 19:10:03.570,0.97309,0.97338,2.25,1.12
2016.12.16 19:10:03.787,0.97308,0.97338,1.75,4.50
2016.12.16 19:10:04.919,0.97309,0.97334,1.00,1.00
2016.12.16 19:10:05.427,0.97309,0.97335,1.00,1.00
2016.12.16 19:10:06.459,0.97309,0.97334,1.00,1.00
2016.12.16 19:10:06.510,0.97309,0.97336,1.00,2.25
2016.12.16 19:10:06.892,0.97309,0.97334,1.00,1.00
2016.12.16 19:10:07.057,0.97309,0.97336,1.00,3.00
2016.12.16 19:10:07.738,0.97309,0.97335,1.00,1.00
2016.12.16 19:10:08.251,0.97308,0.97336,1.00,1.00
2016.12.16 19:10:08.812,0.97309,0.97336,1.00,1.00
2016.12.16 19:10:09.399,0.97309,0.97336,1.00,1.75
2016.12.16 19:10:18.958,0.97305,0.97335,1.75,1.75
2016.12.16 19:10:21.464,0.97313,0.97336,1.00,1.75
2016.12.16 19:10:22.458,0.97308,0.97337,1.12,3.00
2016.12.16 19:10:24.531,0.97308,0.97334,1.00,1.75
2016.12.16 19:10:29.214,0.97304,0.97334,1.75,1.75
2016.12.16 19:10:29.365,0.97304,0.97337,4.50,3.00
2016.12.16 19:10:29.875,0.97309,0.97336,1.00,1.75
2016.12.16 19:10:36.260,0.97314,0.97337,1.00,1.75
2016.12.16 19:10:36.361,0.97314,0.97337,1.00,1.00
2016.12.16 19:10:38.427,0.97314,0.97338,1.00,1.75
2016.12.16 19:10:38.729,0.97314,0.9734,1.00,1.75
2016.12.16 19:10:38.830,0.97318,0.97341,1.00,3.00
2016.12.16 19:10:38.935,0.97314,0.97341,1.00,4.50
2016.12.16 19:10:39.562,0.97314,0.97341,1.50,1.12
2016.12.16 19:10:39.663,0.97319,0.97344,1.00,1.75
2016.12.16 19:10:42.318,0.97318,0.97345,1.00,2.25
2016.12.16 19:10:42.369,0.97318,0.97346,1.37,1.37
2016.12.16 19:10:42.879,0.97318,0.97344,1.00,1.00
2016.12.16 19:10:44.074,0.97323,0.97348,1.00,1.75
2016.12.16 19:10:44.175,0.97323,0.97349,1.00,1.50
2016.12.16 19:10:44.905,0.97324,0.97349,1.00,2.25
2016.12.16 19:10:50.759,0.97329,0.9735,1.00,1.75
2016.12.16 19:10:50.976,0.97323,0.97346,1.12,1.00
2016.12.16 19:10:51.604,0.97324,0.97346,1.00,1.00
2016.12.16 19:10:52.807,0.97324,0.97347,1.00,1.00
2016.12.16 19:10:53.262,0.97333,0.97347,1.00,1.00
2016.12.16 19:10:53.430,0.97324,0.97346,1.00,1.00
2016.12.16 19:10:53.506,0.97334,0.97346,1.00,1.00
2016.12.16 19:10:54.415,0.97334,0.97347,1.00,1.00
2016.12.16 19:10:54.466,0.97329,0.97347,1.00,1.00
2016.12.16 19:10:54.650,0.97323,0.9734,1.00,1.00
2016.12.16 19:10:57.091,0.97323,0.97341,1.00,1.00
2016.12.16 19:11:00.565,0.97323,0.9734,1.00,1.00
2016.12.16 19:11:02.326,0.97323,0.97341,1.00,1.00
2016.12.16 19:11:02.879,0.97323,0.9734,1.00,1.00
2016.12.16 19:11:05.836,0.97328,0.97344,1.00,1.50
2016.12.16 19:11:05.937,0.97324,0.97344,1.00,1.00
2016.12.16 19:11:06.583,0.97324,0.97343,1.00,1.00
2016.12.16 19:11:08.168,0.97324,0.97344,1.00,1.00
2016.12.16 19:11:11.031,0.97324,0.97343,1.00,1.00
2016.12.16 19:11:11.536,0.97324,0.97344,1.00,1.12
2016.12.16 19:11:12.040,0.97324,0.97343,1.00,1.00
2016.12.16 19:11:15.036,0.97324,0.97344,1.00,1.12
2016.12.16 19:11:17.022,0.97324,0.97343,1.00,1.00
2016.12.16 19:11:17.713,0.97324,0.97344,1.00,1.12
2016.12.16 19:11:18.511,0.97324,0.97343,1.00,1.00
2016.12.16 19:11:19.296,0.97323,0.97344,1.00,1.00
2016.12.16 19:11:20.252,0.97328,0.97345,1.00,1.00
2016.12.16 19:11:20.454,0.97323,0.97345,1.00,1.00
2016.12.16 19:11:20.991,0.97323,0.97345,1.00,1.37
2016.12.16 19:11:21.936,0.97328,0.97345,1.00,1.37
2016.12.16 19:11:22.037,0.97324,0.97348,1.00,1.00
2016.12.16 19:11:22.289,0.97334,0.97347,1.00,1.00
2016.12.16 19:11:23.749,0.97323,0.97347,2.25,1.00
2016.12.16 19:11:23.799,0.97323,0.97344,1.00,1.12
2016.12.16 19:11:23.850,0.97319,0.97344,1.00,1.12
2016.12.16 19:11:24.102,0.97324,0.97344,1.00,1.50
2016.12.16 19:11:24.983,0.97324,0.97342,1.00,1.00
2016.12.16 19:11:25.320,0.97318,0.97341,1.00,1.00
2016.12.16 19:11:26.004,0.97318,0.97341,1.00,1.50
2016.12.16 19:11:28.213,0.97323,0.97341,1.00,1.50
2016.12.16 19:11:31.535,0.97318,0.97341,1.00,1.50
2016.12.16 19:11:33.710,0.97318,0.97342,1.00,1.12
2016.12.16 19:11:34.762,0.97318,0.97341,1.00,1.00
2016.12.16 19:11:35.622,0.97329,0.97341,1.00,1.00
2016.12.16 19:11:37.948,0.97319,0.97341,1.00,1.00
2016.12.16 19:11:38.147,0.97329,0.97341,1.00,1.00
2016.12.16 19:11:38.810,0.97318,0.97341,1.00,1.00
2016.12.16 19:11:40.860,0.97318,0.97342,1.00,1.12
2016.12.16 19:11:41.738,0.97318,0.97341,1.00,1.00
2016.12.16 19:11:41.839,0.97328,0.97341,1.00,1.00
2016.12.16 19:11:41.940,0.97319,0.97342,1.00,1.00
2016.12.16 19:11:42.477,0.97319,0.97341,1.00,1.12
2016.12.16 19:11:42.528,0.97313,0.97336,1.50,1.00
2016.12.16 19:11:43.035,0.97314,0.97336,1.00,1.00
2016.12.16 19:11:43.562,0.97314,0.97337,1.00,1.00
2016.12.16 19:11:43.663,0.97318,0.97336,1.00,1.50
2016.12.16 19:11:43.764,0.97313,0.97336,1.00,1.50
2016.12.16 19:11:44.298,0.97313,0.97335,1.00,1.00
2016.12.16 19:11:46.013,0.97319,0.97335,1.00,1.00
2016.12.16 19:11:46.689,0.97319,0.97334,1.00,1.00
2016.12.16 19:11:46.790,0.97314,0.97334,1.00,1.50
2016.12.16 19:11:47.275,0.97319,0.97334,1.00,1.00
2016.12.16 19:11:47.832,0.97319,0.97335,1.00,1.00
2016.12.16 19:11:48.912,0.97314,0.97335,1.00,1.00
2016.12.16 19:11:49.114,0.97319,0.97334,1.00,1.00
2016.12.16 19:11:49.215,0.97318,0.97338,1.00,2.25
2016.12.16 19:11:49.265,0.97318,0.97335,1.00,1.00
2016.12.16 19:11:53.440,0.97318,0.97336,1.00,1.12
2016.12.16 19:11:57.761,0.97318,0.97335,1.00,1.00
2016.12.16 19:11:59.741,0.97318,0.97336,1.00,1.12
2016.12.16 19:12:00.279,0.97318,0.97335,1.00,1.00
2016.12.16 19:12:00.954,0.97318,0.97336,1.00,1.12
2016.12.16 19:12:01.722,0.97318,0.97335,1.00,1.00
2016.12.16 19:12:02.755,0.97318,0.97336,1.00,1.12
2016.12.16 19:12:06.079,0.97318,0.97335,1.00,1.00
2016.12.16 19:12:06.630,0.97318,0.97336,1.00,1.12
2016.12.16 19:12:07.432,0.97318,0.97335,1.00,1.00
2016.12.16 19:12:08.925,0.97314,0.97336,1.00,1.00
2016.12.16 19:12:09.479,0.97314,0.97336,1.00,1.37
2016.12.16 19:12:09.530,0.97308,0.97336,1.87,1.75
2016.12.16 19:12:09.737,0.97314,0.97335,1.00,1.75
2016.12.16 19:12:09.902,0.97314,0.97335,1.00,1.12
2016.12.16 19:12:13.539,0.97309,0.97336,1.12,1.50
2016.12.16 19:12:17.055,0.97313,0.97335,1.00,1.12
2016.12.16 19:12:21.824,0.97319,0.97335,1.00,1.00
2016.12.16 19:12:24.059,0.97313,0.97335,1.00,1.00
2016.12.16 19:12:24.261,0.97318,0.97335,1.00,1.00
2016.12.16 19:12:25.873,0.97318,0.97336,1.00,1.00
2016.12.16 19:12:25.923,0.97314,0.97336,1.00,1.00
2016.12.16 19:12:26.263,0.97318,0.97336,1.00,1.50
2016.12.16 19:12:26.932,0.97318,0.97335,1.00,1.00
2016.12.16 19:12:31.721,0.97318,0.97336,1.00,1.00
2016.12.16 19:12:33.851,0.97324,0.97335,1.00,1.00
2016.12.16 19:12:34.053,0.97314,0.97335,1.00,1.00
2016.12.16 19:12:41.113,0.97319,0.97335,1.00,1.00
2016.12.16 19:12:43.536,0.97313,0.97335,1.00,1.00
2016.12.16 19:12:46.979,0.97313,0.97336,1.00,1.00
2016.12.16 19:12:47.029,0.97318,0.97336,1.00,1.00
2016.12.16 19:12:47.331,0.97314,0.97335,1.00,1.00
2016.12.16 19:12:49.153,0.97314,0.97335,1.00,1.37
2016.12.16 19:12:49.354,0.97314,0.97336,1.00,1.50
2016.12.16 19:12:51.523,0.97314,0.97335,1.00,1.00
2016.12.16 19:12:57.963,0.97314,0.97336,1.00,1.50
2016.12.16 19:13:01.998,0.9731,0.97336,1.00,1.00
2016.12.16 19:13:02.149,0.97312,0.97335,1.00,1.00
2016.12.16 19:13:02.474,0.97309,0.97336,1.50,1.00
2016.12.16 19:13:02.874,0.97309,0.97335,3.00,1.00
2016.12.16 19:13:05.445,0.97309,0.97336,2.25,1.00
2016.12.16 19:13:05.986,0.97309,0.97335,3.00,1.00
2016.12.16 19:13:06.714,0.97313,0.97336,1.12,1.00
2016.12.16 19:13:07.299,0.97314,0.97335,1.00,1.00
2016.12.16 19:13:07.744,0.97318,0.97336,1.00,1.00
2016.12.16 19:13:08.282,0.97319,0.97335,1.00,1.00
2016.12.16 19:13:08.818,0.97319,0.97336,1.00,1.00
2016.12.16 19:13:09.508,0.97313,0.97336,1.00,1.00
2016.12.16 19:13:09.880,0.97319,0.97336,1.00,1.00
2016.12.16 19:13:10.031,0.97313,0.97336,1.00,1.00
2016.12.16 19:13:10.114,0.97319,0.97336,1.00,1.00
2016.12.16 19:13:10.372,0.97314,0.97336,1.00,1.00
2016.12.16 19:13:10.952,0.97314,0.97335,1.00,1.00
2016.12.16 19:13:11.074,0.97314,0.97339,1.00,2.25
2016.12.16 19:13:11.577,0.97309,0.97337,1.50,1.75
2016.12.16 19:13:11.785,0.9731,0.97337,1.00,1.00
2016.12.16 19:13:12.289,0.97309,0.97336,1.50,1.00
2016.12.16 19:13:14.877,0.9731,0.97337,1.00,1.00
2016.12.16 19:13:16.774,0.97309,0.97337,2.25,1.75
2016.12.16 19:13:16.994,0.97309,0.97337,2.25,1.12
2016.12.16 19:13:18.474,0.97318,0.97337,1.00,1.12
2016.12.16 19:13:19.464,0.97318,0.97337,1.00,1.50
2016.12.16 19:13:20.026,0.97318,0.97337,1.00,1.75
2016.12.16 19:13:27.200,0.97318,0.97337,1.00,3.00
2016.12.16 19:13:27.251,0.97309,0.97336,1.12,1.50
2016.12.16 19:13:28.597,0.97319,0.97336,1.00,1.75
2016.12.16 19:13:28.648,0.97309,0.97336,1.50,1.75
2016.12.16 19:13:31.913,0.97319,0.97336,1.00,1.75
2016.12.16 19:13:32.116,0.97319,0.97337,1.00,1.50
2016.12.16 19:13:34.594,0.97319,0.97339,1.00,2.25
2016.12.16 19:13:40.842,0.97309,0.97332,2.25,1.50
2016.12.16 19:13:40.943,0.97308,0.9733,1.37,1.12
2016.12.16 19:13:41.346,0.97309,0.97328,1.00,1.12
2016.12.16 19:13:42.236,0.97309,0.97331,1.00,2.10
2016.12.16 19:13:43.678,0.97314,0.9733,1.00,1.50
2016.12.16 19:13:44.272,0.97309,0.97329,1.00,1.00
2016.12.16 19:13:44.735,0.97309,0.9733,1.00,1.37
2016.12.16 19:13:44.836,0.97309,0.97329,1.00,1.00
2016.12.16 19:13:45.407,0.97309,0.9733,1.00,1.50
2016.12.16 19:13:45.543,0.97309,0.9733,1.00,1.50
2016.12.16 19:13:46.349,0.97309,0.97329,1.00,1.00
2016.12.16 19:13:46.880,0.97309,0.97328,1.00,1.00
2016.12.16 19:13:47.622,0.97314,0.97328,1.00,1.00
2016.12.16 19:13:47.723,0.97309,0.97331,1.00,1.37
2016.12.16 19:13:47.874,0.97309,0.97325,1.00,1.00
2016.12.16 19:13:47.925,0.97304,0.97325,1.50,1.00
2016.12.16 19:13:48.262,0.97299,0.97324,1.00,1.00
2016.12.16 19:13:48.509,0.97303,0.97324,1.00,1.00
2016.12.16 19:13:49.659,0.97304,0.97324,1.00,1.00
2016.12.16 19:13:49.760,0.97298,0.97324,1.00,1.00
2016.12.16 19:13:49.966,0.97304,0.97324,1.00,1.00
2016.12.16 19:13:57.909,0.97303,0.97324,1.00,1.00
2016.12.16 19:13:58.813,0.97308,0.97324,1.00,1.00
2016.12.16 19:13:59.117,0.97304,0.97324,1.00,1.00
2016.12.16 19:13:59.717,0.97304,0.97325,1.00,1.50
2016.12.16 19:14:00.403,0.97304,0.97323,1.00,1.00
2016.12.16 19:14:00.705,0.97308,0.97324,1.00,1.50
2016.12.16 19:14:01.981,0.97308,0.97325,1.00,1.75
2016.12.16 19:14:03.958,0.97308,0.97325,1.00,2.25
2016.12.16 19:14:04.059,0.97308,0.97325,1.00,1.50
2016.12.16 19:14:05.351,0.97313,0.97325,1.00,1.00
2016.12.16 19:14:05.502,0.97304,0.97325,1.00,1.00
2016.12.16 19:14:05.855,0.97308,0.97328,1.00,1.75
2016.12.16 19:14:06.106,0.97304,0.97328,1.00,1.37
2016.12.16 19:14:06.157,0.97304,0.97329,1.00,1.87
2016.12.16 19:14:06.258,0.97304,0.97329,1.00,2.62
2016.12.16 19:14:06.687,0.97308,0.97326,1.00,4.12
2016.12.16 19:14:06.888,0.97308,0.97326,1.00,1.50
2016.12.16 19:14:07.326,0.97304,0.97326,1.00,1.50
2016.12.16 19:14:12.460,0.97299,0.97326,1.00,1.00
2016.12.16 19:14:12.611,0.97299,0.97327,1.37,2.25
2016.12.16 19:14:13.111,0.97304,0.97327,1.00,1.87
2016.12.16 19:14:13.675,0.97304,0.97326,1.00,1.00
2016.12.16 19:14:14.360,0.97304,0.97327,1.00,1.87
2016.12.16 19:14:18.015,0.97304,0.97326,1.00,1.00
2016.12.16 19:14:18.585,0.97304,0.97326,1.00,1.37
2016.12.16 19:14:19.332,0.97309,0.97326,1.00,1.50
2016.12.16 19:14:19.433,0.97304,0.97326,1.00,1.00
2016.12.16 19:14:19.685,0.97309,0.97329,1.00,2.25
2016.12.16 19:14:20.364,0.97309,0.97327,1.00,1.00
2016.12.16 19:14:25.573,0.97309,0.97327,1.00,1.37
2016.12.16 19:14:25.961,0.97304,0.97326,1.00,1.00
2016.12.16 19:14:26.214,0.97303,0.97327,1.00,2.62
2016.12.16 19:14:27.026,0.97298,0.97326,1.12,1.75
2016.12.16 19:14:27.127,0.97298,0.97326,1.37,1.37
2016.12.16 19:14:27.407,0.97309,0.97326,1.00,1.00
2016.12.16 19:14:29.639,0.97309,0.97326,1.00,1.37
2016.12.16 19:14:30.953,0.97304,0.97326,1.00,1.37
2016.12.16 19:14:31.469,0.97304,0.97326,1.00,1.12
2016.12.16 19:14:31.736,0.97308,0.97326,1.00,1.12
2016.12.16 19:14:32.572,0.97304,0.97326,1.00,1.87
2016.12.16 19:14:32.823,0.97304,0.97326,1.00,1.75
2016.12.16 19:14:33.584,0.97304,0.97325,1.00,1.00
2016.12.16 19:14:35.213,0.97304,0.97326,1.00,1.50
2016.12.16 19:14:35.781,0.97304,0.97326,1.00,1.50
2016.12.16 19:14:36.134,0.97304,0.97327,1.00,2.25
2016.12.16 19:14:36.471,0.97309,0.97327,1.00,1.50
2016.12.16 19:14:36.522,0.97304,0.97326,1.00,1.00
2016.12.16 19:14:36.788,0.97309,0.97327,1.00,1.00
2016.12.16 19:14:40.577,0.97309,0.97325,1.00,1.00
2016.12.16 19:14:40.627,0.97299,0.97325,1.00,1.50
2016.12.16 19:14:40.728,0.97298,0.97325,1.00,1.75
2016.12.16 19:14:41.035,0.97304,0.97328,1.00,1.50
2016.12.16 19:14:41.921,0.97308,0.97328,1.00,2.25
2016.12.16 19:14:42.072,0.97299,0.97326,1.12,1.75
2016.12.16 19:14:42.123,0.97303,0.97326,1.00,2.25
2016.12.16 19:14:42.173,0.97299,0.97323,1.00,1.00
2016.12.16 19:14:43.020,0.97308,0.97323,1.00,1.00
2016.12.16 19:14:44.250,0.97308,0.97326,1.00,1.50
2016.12.16 19:14:44.402,0.97299,0.97326,1.00,1.50
2016.12.16 19:14:44.452,0.97299,0.97324,1.00,1.50
2016.12.16 19:14:44.754,0.97303,0.97323,1.00,1.75
2016.12.16 19:14:52.750,0.97299,0.97323,1.00,1.75
2016.12.16 19:14:56.684,0.97299,0.97323,1.00,1.50
2016.12.16 19:14:57.134,0.97299,0.97321,1.00,1.00
2016.12.16 19:14:57.489,0.97299,0.97319,1.00,1.00
2016.12.16 19:15:00.208,0.97309,0.97321,1.00,2.25
2016.12.16 19:15:00.258,0.97298,0.97321,1.00,2.25
2016.12.16 19:15:01.904,0.97299,0.97321,1.00,1.75
2016.12.16 19:15:01.955,0.97309,0.97322,1.00,1.87
2016.12.16 19:15:02.006,0.97299,0.97322,1.00,1.87
2016.12.16 19:15:02.207,0.97309,0.97322,1.00,2.25
2016.12.16 19:15:02.281,0.97298,0.97322,1.00,2.25
2016.12.16 19:15:06.656,0.97309,0.97321,1.00,2.25
2016.12.16 19:15:09.412,0.97299,0.97321,1.00,1.50
2016.12.16 19:15:10.881,0.97299,0.97321,1.00,2.25
2016.12.16 19:15:11.438,0.97299,0.97321,1.00,1.75
2016.12.16 19:15:14.213,0.97309,0.97321,1.00,1.75
2016.12.16 19:15:14.264,0.97298,0.97321,1.00,1.75
2016.12.16 19:15:17.423,0.97304,0.97324,1.00,3.37
2016.12.16 19:15:17.473,0.97295,0.97324,1.00,3.37
2016.12.16 19:15:17.524,0.97299,0.97324,1.00,2.62
2016.12.16 19:15:17.686,0.97297,0.97327,3.00,1.75
2016.12.16 19:15:17.736,0.97303,0.97327,1.00,1.50
2016.12.16 19:15:18.039,0.97304,0.97326,1.00,1.50
2016.12.16 19:15:18.251,0.97299,0.97324,1.00,1.00
2016.12.16 19:15:18.301,0.97298,0.97322,1.00,1.00
2016.12.16 19:15:18.654,0.97296,0.97322,1.12,1.00
2016.12.16 19:15:19.205,0.97296,0.97321,1.00,1.00
2016.12.16 19:15:19.815,0.97297,0.97322,1.00,2.25
2016.12.16 19:15:20.342,0.97297,0.97321,1.00,1.00
2016.12.16 19:15:20.443,0.97295,0.97322,1.00,1.50
2016.12.16 19:15:21.017,0.97294,0.9732,1.50,1.50
2016.12.16 19:15:21.330,0.97298,0.97317,1.00,3.75
2016.12.16 19:15:21.531,0.97294,0.97317,1.12,2.25
2016.12.16 19:15:21.582,0.97294,0.97319,1.12,1.12
2016.12.16 19:15:21.632,0.97293,0.97319,1.12,1.37
2016.12.16 19:15:21.935,0.97299,0.97322,1.00,2.25
2016.12.16 19:15:24.459,0.97304,0.97322,1.00,2.25
2016.12.16 19:15:24.960,0.97304,0.97318,1.00,1.00
2016.12.16 19:15:25.263,0.97294,0.97317,1.00,1.00
2016.12.16 19:15:25.810,0.97295,0.97317,1.00,1.00
2016.12.16 19:15:26.547,0.97293,0.97317,1.00,1.50
2016.12.16 19:15:26.749,0.97293,0.97315,1.00,1.12
2016.12.16 19:15:27.899,0.97293,0.97314,1.00,1.00
2016.12.16 19:15:28.436,0.97293,0.97314,1.00,1.37
2016.12.16 19:15:29.102,0.97293,0.97316,1.00,1.75
2016.12.16 19:15:30.588,0.97304,0.97318,1.00,4.12
2016.12.16 19:15:30.638,0.97294,0.97318,1.00,2.25
2016.12.16 19:15:30.739,0.97293,0.97317,1.50,1.00
2016.12.16 19:15:31.041,0.97293,0.97318,1.50,1.87
2016.12.16 19:15:32.327,0.97293,0.97318,1.50,1.50
2016.12.16 19:15:32.378,0.97293,0.97318,1.50,1.50
2016.12.16 19:15:32.890,0.97295,0.97317,1.00,1.50
2016.12.16 19:15:32.952,0.97293,0.97317,1.00,1.50
2016.12.16 19:15:33.153,0.97293,0.97317,1.50,1.37
2016.12.16 19:15:33.714,0.97294,0.97314,1.00,1.00
2016.12.16 19:15:34.218,0.97294,0.97314,1.00,1.50
2016.12.16 19:15:36.728,0.97298,0.97314,1.00,2.25
2016.12.16 19:15:36.829,0.97293,0.97311,1.00,1.00
2016.12.16 19:15:36.930,0.97298,0.9731,1.00,1.00
2016.12.16 19:15:37.145,0.97294,0.9731,1.00,1.00
2016.12.16 19:15:37.447,0.97294,0.97308,1.00,1.00
2016.12.16 19:15:37.498,0.97289,0.97308,1.00,1.00
2016.12.16 19:15:37.549,0.97294,0.97308,1.00,1.00
2016.12.16 19:15:37.839,0.97289,0.97308,1.00,1.00
2016.12.16 19:15:38.041,0.97288,0.97302,1.00,1.00
2016.12.16 19:15:38.092,0.97288,0.97306,1.00,2.10
2016.12.16 19:15:38.193,0.97279,0.97306,1.50,2.47
2016.12.16 19:15:38.243,0.97288,0.97306,1.00,1.87
2016.12.16 19:15:38.546,0.97293,0.97308,1.00,1.50
2016.12.16 19:15:39.355,0.97289,0.97309,1.00,2.25
2016.12.16 19:15:39.456,0.97299,0.9731,1.00,1.37
2016.12.16 19:15:39.507,0.97299,0.97311,1.00,1.00
2016.12.16 19:15:39.708,0.97293,0.97313,1.00,2.25
2016.12.16 19:15:39.759,0.97299,0.97313,1.00,2.25
2016.12.16 19:15:40.064,0.97299,0.97312,1.00,1.75
2016.12.16 19:15:41.265,0.97299,0.97312,1.00,1.37
2016.12.16 19:15:41.366,0.97299,0.97313,1.00,1.50
2016.12.16 19:15:41.466,0.97294,0.97313,1.00,1.50
2016.12.16 19:15:42.076,0.97293,0.97314,1.00,1.00
2016.12.16 19:15:42.789,0.97293,0.97313,1.00,1.00
2016.12.16 19:15:43.547,0.97293,0.97314,1.00,1.00
2016.12.16 19:15:43.649,0.97304,0.97314,1.00,1.00
2016.12.16 19:15:43.750,0.97294,0.97315,1.00,1.12
2016.12.16 19:15:43.978,0.97303,0.97316,1.00,1.50
2016.12.16 19:15:44.192,0.97303,0.97318,1.00,2.62
2016.12.16 19:15:44.343,0.97299,0.97317,1.00,1.00
2016.12.16 19:15:44.444,0.97293,0.97314,2.25,1.00
2016.12.16 19:15:44.495,0.97299,0.97314,1.00,1.00
2016.12.16 19:15:44.545,0.97299,0.97317,1.00,1.87
2016.12.16 19:15:44.646,0.97304,0.97317,1.00,1.87
2016.12.16 19:15:44.949,0.97304,0.97315,1.00,1.75
2016.12.16 19:15:44.999,0.97304,0.97315,1.00,1.00
2016.12.16 19:15:45.516,0.97304,0.97316,1.00,1.00
2016.12.16 19:15:45.750,0.97294,0.97315,1.00,1.00
2016.12.16 19:15:46.741,0.97294,0.97313,1.00,1.00
2016.12.16 19:15:47.990,0.97294,0.97314,1.00,1.12
2016.12.16 19:15:48.336,0.97299,0.97314,1.00,1.00
2016.12.16 19:15:48.639,0.97303,0.97316,1.00,1.12
2016.12.16 19:15:48.740,0.97298,0.97314,1.00,1.50
2016.12.16 19:15:48.791,0.97298,0.97311,1.00,1.00
2016.12.16 19:15:48.841,0.97293,0.9731,1.00,1.00
2016.12.16 19:15:48.892,0.97294,0.97306,1.00,1.00
2016.12.16 19:15:49.360,0.97283,0.97307,1.00,1.50
2016.12.16 19:15:49.411,0.97283,0.97304,1.00,1.00
2016.12.16 19:15:49.682,0.97284,0.97306,1.00,2.62
2016.12.16 19:15:49.732,0.97284,0.97304,1.00,1.00
2016.12.16 19:15:50.240,0.97284,0.97303,1.00,1.00
2016.12.16 19:15:50.290,0.97284,0.97305,1.00,1.50
2016.12.16 19:15:51.554,0.97283,0.97305,1.00,1.50
2016.12.16 19:15:52.060,0.97283,0.97304,1.00,1.00
2016.12.16 19:15:54.609,0.97288,0.97304,1.00,1.00
2016.12.16 19:15:54.710,0.97281,0.97305,1.00,1.00
2016.12.16 19:15:54.761,0.97289,0.97305,1.00,1.00
2016.12.16 19:15:55.186,0.97289,0.97302,1.00,1.00
2016.12.16 19:15:55.236,0.97284,0.97303,1.00,1.00
2016.12.16 19:15:55.337,0.97288,0.97304,1.00,1.00
2016.12.16 19:15:55.797,0.97289,0.97306,1.00,1.00
2016.12.16 19:15:56.515,0.97289,0.97307,1.00,1.00
2016.12.16 19:15:58.823,0.97288,0.97307,1.00,1.50
2016.12.16 19:15:59.305,0.97284,0.97307,1.00,1.37
2016.12.16 19:15:59.466,0.97284,0.97304,1.00,1.00
2016.12.16 19:15:59.768,0.97293,0.97307,1.00,1.12
2016.12.16 19:15:59.819,0.97284,0.97305,1.00,1.00
2016.12.16 19:15:59.971,0.97294,0.97305,1.00,1.00
2016.12.16 19:16:01.092,0.97294,0.97304,1.00,1.00
2016.12.16 19:16:02.010,0.97294,0.97306,1.00,1.37
2016.12.16 19:16:02.111,0.97294,0.97308,1.00,3.00
2016.12.16 19:16:02.334,0.97293,0.9731,1.00,1.87
2016.12.16 19:16:02.385,0.97293,0.97308,1.00,1.00
2016.12.16 19:16:02.536,0.97285,0.97307,1.50,1.00
2016.12.16 19:16:02.637,0.97285,0.97305,1.12,1.00
2016.12.16 19:16:02.965,0.97284,0.97303,1.00,1.00
2016.12.16 19:16:03.016,0.97284,0.97305,1.00,1.00
2016.12.16 19:16:03.167,0.97288,0.97305,1.00,1.00
2016.12.16 19:16:03.369,0.97288,0.97307,1.00,1.00
2016.12.16 19:16:03.568,0.97284,0.97307,1.50,1.00
2016.12.16 19:16:03.618,0.97284,0.97305,1.50,1.00
2016.12.16 19:16:04.119,0.97284,0.97304,1.00,1.00
2016.12.16 19:16:04.571,0.97284,0.97306,1.00,1.00
2016.12.16 19:16:05.505,0.97284,0.97305,1.00,1.00
2016.12.16 19:16:05.873,0.97284,0.97307,1.00,1.00
2016.12.16 19:16:06.008,0.97284,0.97305,1.00,1.00
2016.12.16 19:16:06.439,0.97284,0.97307,1.00,1.12
2016.12.16 19:16:06.822,0.97288,0.97307,1.00,1.12
2016.12.16 19:16:08.759,0.97289,0.97307,1.00,1.00
2016.12.16 19:16:08.860,0.97284,0.97307,1.00,1.00
2016.12.16 19:16:09.073,0.97289,0.97307,1.00,1.00
2016.12.16 19:16:09.593,0.97289,0.97308,1.00,1.12
2016.12.16 19:16:09.930,0.97289,0.97306,1.00,1.00
2016.12.16 19:16:10.484,0.97288,0.97306,1.00,1.00
2016.12.16 19:16:12.454,0.97294,0.97308,1.00,2.25
2016.12.16 19:16:12.873,0.97285,0.97309,1.00,1.50
2016.12.16 19:16:12.974,0.97285,0.97312,3.00,1.12
2016.12.16 19:16:13.123,0.97299,0.97312,1.00,1.12
2016.12.16 19:16:13.274,0.97293,0.97309,1.00,1.00
2016.12.16 19:16:13.375,0.97293,0.97311,1.00,1.50
2016.12.16 19:16:13.892,0.97294,0.97311,1.00,1.00
2016.12.16 19:16:14.649,0.97294,0.97312,1.00,1.00
2016.12.16 19:16:15.245,0.97294,0.9731,1.00,1.00
2016.12.16 19:16:17.313,0.97294,0.97311,1.00,1.00
2016.12.16 19:16:17.760,0.97294,0.97308,1.00,1.00
2016.12.16 19:16:18.087,0.97293,0.97311,1.00,1.00
2016.12.16 19:16:18.359,0.97294,0.97309,1.00,1.00
2016.12.16 19:16:18.511,0.97294,0.97312,1.00,1.00
2016.12.16 19:16:19.046,0.97294,0.97311,1.00,1.00
2016.12.16 19:16:19.250,0.97294,0.97313,1.00,1.50
2016.12.16 19:16:19.318,0.97289,0.97306,1.00,1.00
2016.12.16 19:16:19.369,0.97289,0.9731,1.00,2.25
2016.12.16 19:16:19.470,0.97284,0.9731,1.00,1.75
2016.12.16 19:16:19.769,0.97284,0.97303,1.00,1.00
2016.12.16 19:16:20.273,0.97284,0.97302,1.00,1.00
2016.12.16 19:16:20.324,0.9728,0.97302,1.37,1.50
2016.12.16 19:16:20.576,0.97289,0.97303,1.00,1.00
2016.12.16 19:16:21.089,0.97289,0.97302,1.00,1.50
2016.12.16 19:16:21.428,0.97289,0.973,1.00,1.00
2016.12.16 19:16:21.960,0.97289,0.97299,1.00,1.00
2016.12.16 19:16:22.416,0.97279,0.97299,1.00,1.00
2016.12.16 19:16:22.517,0.97288,0.97299,1.00,1.00
2016.12.16 19:16:22.668,0.97288,0.97301,1.00,1.50
2016.12.16 19:16:22.719,0.97278,0.97299,1.12,1.00
2016.12.16 19:16:23.211,0.97278,0.97296,1.00,1.00
2016.12.16 19:16:23.716,0.97279,0.97295,1.00,1.00
2016.12.16 19:16:23.767,0.97279,0.97298,1.00,1.00
2016.12.16 19:16:23.868,0.97274,0.97299,1.00,1.00
2016.12.16 19:16:24.069,0.97278,0.97299,1.00,1.00
2016.12.16 19:16:24.527,0.97274,0.97291,1.00,1.00
2016.12.16 19:16:24.830,0.97274,0.97286,1.00,1.00
2016.12.16 19:16:24.932,0.97274,0.97288,1.00,1.50
2016.12.16 19:16:25.475,0.97274,0.97289,1.00,1.00
2016.12.16 19:16:25.568,0.97274,0.97291,1.00,3.00
2016.12.16 19:16:25.862,0.97278,0.97291,1.00,1.12
2016.12.16 19:16:25.962,0.97278,0.97294,1.00,1.12
2016.12.16 19:16:26.013,0.97274,0.97295,1.00,1.12
2016.12.16 19:16:26.282,0.97278,0.97296,1.00,1.00
2016.12.16 19:16:26.604,0.97278,0.97294,1.00,1.00
2016.12.16 19:16:26.892,0.97278,0.97296,1.00,1.50
2016.12.16 19:16:28.199,0.97278,0.97297,1.00,1.12
2016.12.16 19:16:28.871,0.97278,0.97295,1.00,1.00
2016.12.16 19:16:29.381,0.97278,0.97294,1.00,1.00
2016.12.16 19:16:29.532,0.97278,0.97296,1.00,1.50
2016.12.16 19:16:32.035,0.97278,0.97298,1.00,1.37
2016.12.16 19:16:32.683,0.97278,0.97296,1.00,1.00
2016.12.16 19:16:33.198,0.97278,0.97298,1.00,1.00
2016.12.16 19:16:33.251,0.97284,0.97298,1.00,1.00
2016.12.16 19:16:33.654,0.97278,0.97299,1.00,1.12
2016.12.16 19:16:33.859,0.97283,0.97299,1.00,1.12
2016.12.16 19:16:34.449,0.97279,0.97298,1.00,1.00
2016.12.16 19:16:35.178,0.97278,0.97298,1.00,1.50
2016.12.16 19:16:35.946,0.97278,0.97297,1.00,1.00
2016.12.16 19:16:35.997,0.97278,0.97295,1.00,1.00
2016.12.16 19:16:36.438,0.97278,0.97298,1.00,2.25
2016.12.16 19:16:36.489,0.97283,0.97297,1.00,1.00
2016.12.16 19:16:36.540,0.97278,0.97297,1.00,1.00
2016.12.16 19:16:36.691,0.97273,0.97298,1.00,1.50
2016.12.16 19:16:36.742,0.97288,0.97298,1.00,1.00
2016.12.16 19:16:36.793,0.97288,0.973,1.00,1.00
2016.12.16 19:16:36.894,0.97278,0.97294,1.00,1.00
2016.12.16 19:16:36.995,0.97279,0.97292,1.00,1.00
2016.12.16 19:16:37.366,0.97264,0.97292,3.75,1.50
2016.12.16 19:16:37.571,0.97279,0.97292,1.00,1.50
2016.12.16 19:16:37.723,0.97279,0.97295,1.00,1.00
2016.12.16 19:16:38.149,0.97279,0.97297,1.00,1.87
2016.12.16 19:16:38.675,0.97279,0.97296,1.00,1.00
2016.12.16 19:16:38.924,0.97283,0.97296,1.00,1.50
2016.12.16 19:16:39.339,0.97279,0.97297,1.00,1.50
2016.12.16 19:16:39.917,0.97279,0.97292,1.00,1.00
2016.12.16 19:16:39.967,0.97274,0.97291,1.00,1.00
2016.12.16 19:16:40.169,0.97274,0.97289,1.00,1.00
2016.12.16 19:16:42.446,0.97279,0.97289,1.00,1.00
2016.12.16 19:16:43.098,0.97279,0.9729,1.00,1.00
2016.12.16 19:16:43.440,0.97278,0.97297,1.00,1.50
2016.12.16 19:16:43.491,0.97274,0.97297,1.00,1.50
2016.12.16 19:16:43.541,0.97283,0.97299,1.00,1.75
2016.12.16 19:16:43.592,0.97283,0.97298,1.00,1.00
2016.12.16 19:16:43.802,0.97283,0.97297,1.00,1.37
2016.12.16 19:16:43.953,0.97273,0.97295,1.00,1.50
2016.12.16 19:16:44.463,0.97274,0.97296,1.00,1.87
2016.12.16 19:16:45.419,0.97274,0.97298,1.00,1.50
2016.12.16 19:16:46.029,0.97274,0.97298,1.00,1.12
2016.12.16 19:16:46.079,0.97274,0.97294,1.00,1.00
2016.12.16 19:16:46.180,0.97274,0.97296,1.12,1.00
2016.12.16 19:16:46.632,0.97274,0.97296,1.00,1.75
2016.12.16 19:16:46.833,0.97274,0.97298,1.00,2.25
2016.12.16 19:16:47.164,0.97274,0.97295,1.00,1.00
2016.12.16 19:16:47.471,0.97274,0.97297,1.00,1.00
2016.12.16 19:16:48.933,0.97283,0.97297,1.00,1.00
2016.12.16 19:16:49.328,0.97283,0.97298,1.00,3.00
2016.12.16 19:16:51.068,0.97278,0.97296,1.00,1.50
2016.12.16 19:16:51.344,0.97278,0.97297,1.00,1.12
2016.12.16 19:16:51.445,0.97284,0.97297,1.00,1.12
2016.12.16 19:16:51.546,0.97279,0.97298,1.00,1.00
2016.12.16 19:16:51.842,0.97279,0.97296,1.00,1.00
2016.12.16 19:16:52.817,0.97279,0.97297,1.00,1.50
2016.12.16 19:16:53.609,0.97284,0.97296,1.00,1.00
2016.12.16 19:16:53.660,0.97279,0.97295,1.00,1.00
2016.12.16 19:16:53.863,0.97279,0.97297,1.00,1.00
2016.12.16 19:16:53.914,0.97284,0.97297,1.00,1.00
2016.12.16 19:16:54.139,0.97278,0.97296,1.00,1.50
2016.12.16 19:16:54.542,0.97279,0.97293,1.00,1.00
2016.12.16 19:16:54.593,0.97279,0.97295,1.00,1.00
2016.12.16 19:16:55.266,0.97279,0.97296,1.00,1.50
2016.12.16 19:16:55.928,0.97274,0.97294,1.00,1.00
2016.12.16 19:16:56.029,0.97279,0.97294,1.00,1.00
2016.12.16 19:16:56.547,0.97279,0.97295,1.00,1.00
2016.12.16 19:16:56.893,0.97273,0.97294,1.00,1.00
2016.12.16 19:16:57.430,0.97273,0.97295,1.00,1.00
2016.12.16 19:16:57.603,0.97279,0.97297,1.00,1.50
2016.12.16 19:16:57.755,0.97273,0.97296,1.50,1.00
2016.12.16 19:16:57.856,0.97273,0.97293,1.00,1.00
2016.12.16 19:16:58.374,0.97273,0.97294,1.00,1.00
2016.12.16 19:17:00.273,0.97273,0.97295,1.00,1.00
2016.12.16 19:17:00.474,0.9727,0.97295,1.00,1.00
2016.12.16 19:17:00.746,0.97274,0.97295,1.00,1.50
2016.12.16 19:17:01.447,0.97274,0.97294,1.00,1.00
2016.12.16 19:17:01.756,0.97274,0.97296,1.00,1.12
2016.12.16 19:17:01.907,0.97271,0.97293,1.00,1.00
2016.12.16 19:17:02.210,0.97274,0.97289,1.00,1.00
2016.12.16 19:17:02.516,0.97274,0.97287,1.00,1.00
2016.12.16 19:17:03.212,0.97274,0.97289,1.00,1.50
2016.12.16 19:17:04.136,0.97274,0.9729,1.00,2.25
2016.12.16 19:17:04.653,0.97273,0.97288,1.00,1.00
2016.12.16 19:17:04.854,0.97269,0.97287,1.00,1.00
2016.12.16 19:17:04.955,0.97264,0.97287,1.12,1.50
2016.12.16 19:17:05.529,0.97264,0.97286,1.00,1.00
2016.12.16 19:17:06.071,0.97264,0.97285,1.00,1.50
2016.12.16 19:17:07.013,0.97269,0.97285,1.00,1.50
2016.12.16 19:17:07.580,0.97269,0.97286,1.00,1.12
2016.12.16 19:17:09.539,0.97269,0.97287,1.00,1.00
2016.12.16 19:17:09.592,0.97263,0.97287,1.37,1.00
2016.12.16 19:17:10.134,0.97263,0.97286,1.00,1.00
2016.12.16 19:17:13.460,0.97263,0.97287,1.50,1.00
2016.12.16 19:17:13.994,0.97263,0.97288,1.00,2.25
2016.12.16 19:17:14.670,0.97263,0.97286,1.00,1.00
2016.12.16 19:17:16.161,0.97263,0.97287,1.00,1.00
2016.12.16 19:17:16.524,0.97268,0.97287,1.00,1.50
2016.12.16 19:17:23.546,0.97274,0.97287,1.00,1.50
2016.12.16 19:17:24.627,0.97269,0.97287,1.00,2.25
2016.12.16 19:17:24.778,0.97274,0.97287,1.00,2.25
2016.12.16 19:17:24.925,0.97269,0.97287,1.00,2.25
2016.12.16 19:17:27.735,0.97269,0.97285,1.00,1.00
2016.12.16 19:17:28.424,0.97269,0.97286,1.00,1.12
2016.12.16 19:17:28.927,0.97269,0.97285,1.00,1.00
2016.12.16 19:17:29.039,0.97263,0.97285,1.00,1.00
2016.12.16 19:17:29.745,0.97263,0.97286,1.00,1.87
2016.12.16 19:17:30.650,0.97264,0.97284,1.00,1.00
2016.12.16 19:17:31.064,0.97264,0.97283,1.00,1.50
2016.12.16 19:17:31.713,0.97264,0.97281,1.00,1.00
2016.12.16 19:17:32.007,0.97264,0.97283,1.00,1.50
2016.12.16 19:17:32.209,0.97264,0.9728,1.00,1.00
2016.12.16 19:17:32.376,0.97264,0.97282,1.00,1.50
2016.12.16 19:17:32.848,0.97259,0.97282,1.00,1.00
2016.12.16 19:17:32.899,0.97263,0.97285,1.00,2.25
2016.12.16 19:17:33.242,0.97273,0.9729,1.00,1.50
2016.12.16 19:17:33.919,0.97273,0.97289,1.00,1.00
2016.12.16 19:17:34.394,0.97269,0.97289,1.00,1.00
2016.12.16 19:17:34.541,0.97268,0.97287,1.00,1.00
2016.12.16 19:17:34.843,0.97268,0.97285,1.00,1.00
2016.12.16 19:17:35.371,0.97268,0.97284,1.00,1.00
2016.12.16 19:17:35.654,0.97268,0.97286,1.00,1.50
2016.12.16 19:17:36.230,0.97268,0.97287,1.00,1.12
2016.12.16 19:17:36.466,0.97268,0.97289,1.00,1.50
2016.12.16 19:17:36.617,0.97268,0.97289,1.00,1.50
2016.12.16 19:17:36.894,0.97268,0.97289,1.00,1.50
2016.12.16 19:17:37.080,0.97268,0.9729,1.00,2.25
2016.12.16 19:17:38.980,0.97268,0.97288,1.00,1.12
2016.12.16 19:17:39.120,0.97268,0.97288,1.00,1.37
2016.12.16 19:17:40.233,0.97268,0.97287,1.00,1.50
2016.12.16 19:17:41.270,0.97273,0.97289,1.00,2.25
2016.12.16 19:17:41.421,0.97274,0.9729,1.00,2.25
2016.12.16 19:17:41.981,0.97274,0.9729,1.00,2.25
2016.12.16 19:17:42.704,0.97274,0.97289,1.00,2.25
2016.12.16 19:17:42.930,0.97263,0.97288,1.00,1.50
2016.12.16 19:17:43.031,0.97263,0.97288,1.00,1.00
2016.12.16 19:17:43.082,0.97268,0.97288,1.00,1.00
2016.12.16 19:17:43.827,0.97269,0.97288,1.00,1.00
2016.12.16 19:17:45.395,0.97273,0.97288,1.00,1.00
2016.12.16 19:17:45.496,0.97273,0.9729,1.00,1.00
2016.12.16 19:17:46.700,0.97273,0.97288,1.00,1.00
2016.12.16 19:17:46.751,0.97268,0.97288,1.00,1.00
2016.12.16 19:17:47.031,0.97268,0.97287,1.00,1.75
2016.12.16 19:17:47.233,0.97258,0.97286,1.37,1.37
2016.12.16 19:17:47.334,0.97258,0.97288,1.12,4.12
2016.12.16 19:17:47.435,0.97259,0.97287,1.00,1.00
2016.12.16 19:17:47.485,0.97264,0.97287,1.00,1.00
2016.12.16 19:17:48.016,0.97263,0.97287,1.00,1.00
2016.12.16 19:17:48.117,0.97264,0.9729,1.00,1.00
2016.12.16 19:17:48.447,0.97269,0.9729,1.00,1.00
2016.12.16 19:17:48.928,0.97269,0.9729,1.00,1.75
2016.12.16 19:17:49.618,0.97269,0.97292,1.00,2.25
2016.12.16 19:17:49.669,0.97264,0.97291,1.12,1.75
2016.12.16 19:17:49.719,0.97269,0.97291,1.00,1.00
2016.12.16 19:17:50.022,0.97273,0.97291,1.00,1.50
2016.12.16 19:17:50.552,0.97274,0.97291,1.00,1.00
2016.12.16 19:17:50.704,0.97274,0.97293,1.00,1.50
2016.12.16 19:17:51.167,0.97274,0.97288,1.00,1.00
2016.12.16 19:17:51.419,0.97264,0.97279,1.00,1.12
2016.12.16 19:17:51.520,0.97259,0.9728,1.00,2.25
2016.12.16 19:17:51.721,0.97254,0.9728,1.00,2.25
2016.12.16 19:17:51.975,0.97259,0.97279,1.00,1.50
2016.12.16 19:17:52.277,0.97259,0.97276,1.00,1.00
2016.12.16 19:17:53.020,0.97259,0.97277,1.00,1.12
2016.12.16 19:17:53.552,0.97259,0.97276,1.00,1.12
2016.12.16 19:17:57.992,0.97259,0.97275,1.00,1.00
2016.12.16 19:17:58.549,0.97259,0.97276,1.00,1.87
2016.12.16 19:17:59.209,0.97259,0.97275,1.00,1.00
2016.12.16 19:17:59.615,0.97259,0.97277,1.00,1.12
2016.12.16 19:18:00.158,0.97259,0.97276,1.00,1.00
2016.12.16 19:18:01.428,0.97259,0.97277,1.00,1.12
2016.12.16 19:18:01.934,0.97258,0.97277,1.00,1.87
2016.12.16 19:18:02.035,0.97254,0.97275,1.00,1.00
2016.12.16 19:18:02.337,0.97253,0.97272,1.00,1.00
2016.12.16 19:18:02.865,0.97254,0.97273,1.00,1.12
2016.12.16 19:18:03.214,0.9725,0.97271,1.00,1.00
2016.12.16 19:18:03.315,0.9725,0.97269,1.00,2.85
2016.12.16 19:18:03.567,0.97244,0.97264,1.00,1.50
2016.12.16 19:18:03.618,0.97244,0.97264,1.00,1.87
2016.12.16 19:18:03.921,0.97249,0.97266,1.00,2.25
2016.12.16 19:18:04.156,0.97249,0.97266,1.00,1.87
2016.12.16 19:18:04.329,0.97249,0.97266,1.00,2.25
2016.12.16 19:18:05.770,0.97253,0.97268,1.00,2.62
2016.12.16 19:18:05.927,0.97254,0.97269,1.00,1.75
2016.12.16 19:18:06.028,0.97259,0.97273,1.00,1.12
2016.12.16 19:18:06.565,0.97258,0.97274,1.00,1.12
2016.12.16 19:18:06.935,0.97258,0.97275,1.00,2.25
2016.12.16 19:18:07.075,0.97258,0.97274,1.00,1.00
2016.12.16 19:18:07.176,0.97253,0.97273,1.00,1.00
2016.12.16 19:18:07.329,0.97254,0.97271,1.00,1.00
2016.12.16 19:18:07.848,0.97253,0.97275,1.00,2.25
2016.12.16 19:18:08.466,0.97253,0.97274,1.00,3.00
2016.12.16 19:18:09.199,0.97253,0.97275,1.00,3.75
2016.12.16 19:18:10.828,0.97254,0.97274,1.00,1.50
2016.12.16 19:18:12.835,0.97254,0.97276,1.00,1.50
2016.12.16 19:18:12.936,0.97254,0.97276,1.00,1.12
2016.12.16 19:18:12.986,0.97258,0.97276,1.00,1.12
2016.12.16 19:18:15.460,0.97246,0.97276,1.75,1.12
2016.12.16 19:18:15.561,0.97253,0.97277,1.00,1.50
2016.12.16 19:18:15.762,0.97246,0.97276,1.75,1.12
2016.12.16 19:18:16.039,0.97249,0.97277,1.37,1.00
2016.12.16 19:18:17.056,0.97259,0.97278,1.00,2.25
2016.12.16 19:18:17.107,0.97249,0.97277,1.50,1.50
2016.12.16 19:18:17.895,0.97258,0.97277,1.00,1.50
2016.12.16 19:18:18.813,0.97253,0.97279,1.00,1.75
2016.12.16 19:18:19.481,0.97253,0.97274,1.00,1.00
2016.12.16 19:18:19.941,0.97248,0.97274,1.00,1.00
2016.12.16 19:18:19.992,0.97248,0.97275,1.00,1.75
2016.12.16 19:18:21.041,0.97254,0.97275,1.00,1.75
2016.12.16 19:18:21.114,0.97248,0.97275,1.00,1.75
2016.12.16 19:18:22.846,0.97249,0.97277,1.00,3.37
2016.12.16 19:18:22.947,0.97249,0.97276,1.00,1.12
2016.12.16 19:18:27.272,0.97249,0.97275,1.00,1.00
2016.12.16 19:18:28.045,0.97249,0.97276,1.00,1.12
2016.12.16 19:18:28.197,0.97249,0.97277,1.75,1.50
2016.12.16 19:18:29.356,0.97249,0.97276,1.37,1.87
2016.12.16 19:18:29.664,0.97249,0.97276,1.00,1.75
2016.12.16 19:18:30.902,0.97249,0.97277,1.50,2.25
2016.12.16 19:18:32.609,0.97258,0.97276,1.00,1.50
2016.12.16 19:18:32.709,0.97248,0.97276,1.75,1.50
2016.12.16 19:18:32.810,0.97258,0.97276,1.00,2.25
2016.12.16 19:18:33.515,0.97249,0.97276,1.50,1.50
2016.12.16 19:18:33.817,0.97259,0.97276,1.00,1.50
2016.12.16 19:18:34.408,0.97248,0.97276,1.75,1.50
2016.12.16 19:18:35.371,0.97248,0.97265,1.75,1.00
2016.12.16 19:18:35.421,0.97245,0.97269,2.62,1.00
2016.12.16 19:18:35.472,0.97244,0.97267,2.62,1.00
2016.12.16 19:18:35.523,0.97243,0.97266,1.75,1.00
2016.12.16 19:18:35.573,0.97243,0.97264,1.37,1.00
2016.12.16 19:18:35.624,0.97243,0.97266,1.00,1.00
2016.12.16 19:18:35.725,0.97248,0.97267,1.00,1.50
2016.12.16 19:18:35.907,0.97238,0.97267,1.75,2.25
2016.12.16 19:18:36.100,0.97248,0.97267,1.00,1.50
2016.12.16 19:18:36.318,0.97248,0.97268,1.00,1.00
2016.12.16 19:18:36.419,0.97243,0.97268,1.00,1.00
2016.12.16 19:18:36.520,0.97243,0.9727,1.00,1.50
2016.12.16 19:18:36.621,0.97248,0.9727,1.00,1.00
2016.12.16 19:18:36.722,0.97248,0.97275,1.00,1.50
2016.12.16 19:18:36.873,0.97254,0.97276,1.00,1.50
2016.12.16 19:18:37.391,0.97253,0.97276,1.00,1.12
2016.12.16 19:18:37.846,0.97253,0.97276,1.00,1.75
2016.12.16 19:18:39.704,0.97249,0.97272,1.00,2.25
2016.12.16 19:18:39.755,0.97243,0.97271,1.12,1.12
2016.12.16 19:18:39.805,0.97243,0.97269,1.12,1.37
2016.12.16 19:18:40.362,0.97244,0.97268,1.00,1.12
2016.12.16 19:18:40.896,0.97243,0.97268,1.12,1.12
2016.12.16 19:18:41.256,0.97244,0.97266,1.00,1.00
2016.12.16 19:18:41.780,0.97244,0.97265,1.00,1.12
2016.12.16 19:18:44.418,0.97239,0.97265,1.00,1.12
2016.12.16 19:18:44.999,0.97244,0.97265,1.00,1.12
2016.12.16 19:18:45.435,0.97239,0.97265,1.00,1.12
2016.12.16 19:18:45.687,0.97243,0.97267,1.00,1.50
2016.12.16 19:18:49.001,0.97248,0.97268,1.00,2.25
2016.12.16 19:18:49.201,0.97248,0.97268,1.00,1.87
2016.12.16 19:18:50.061,0.97244,0.97268,1.00,1.12
2016.12.16 19:18:50.162,0.97254,0.9727,1.00,1.75
2016.12.16 19:18:50.389,0.97248,0.97271,1.00,1.75
2016.12.16 19:18:50.440,0.97243,0.97272,1.50,3.75
2016.12.16 19:18:50.896,0.97244,0.97271,1.00,1.75
2016.12.16 19:18:51.097,0.97244,0.97273,1.12,2.25
2016.12.16 19:18:51.148,0.97244,0.97271,1.50,1.00
2016.12.16 19:18:51.198,0.97244,0.97272,1.12,1.75
2016.12.16 19:18:51.702,0.97249,0.9727,1.00,1.37
2016.12.16 19:18:51.753,0.97243,0.97268,1.00,1.50
2016.12.16 19:18:52.315,0.97244,0.97266,1.00,1.00
2016.12.16 19:18:52.849,0.97243,0.97266,1.00,1.00
2016.12.16 19:18:53.100,0.97243,0.97266,1.00,1.50
2016.12.16 19:18:53.841,0.97242,0.97266,1.00,1.75
2016.12.16 19:18:53.941,0.97242,0.97272,1.87,3.37
2016.12.16 19:18:54.097,0.97243,0.97274,1.37,2.62
2016.12.16 19:18:54.248,0.97243,0.97269,1.00,1.00
2016.12.16 19:18:54.751,0.97244,0.97271,1.00,1.75
2016.12.16 19:18:54.938,0.97248,0.97269,1.00,1.00
2016.12.16 19:18:55.039,0.97244,0.97275,1.87,2.62
2016.12.16 19:18:55.089,0.97246,0.97275,1.00,2.62
2016.12.16 19:18:55.190,0.97246,0.97278,4.87,2.62
2016.12.16 19:18:55.241,0.97252,0.97276,1.00,1.00
2016.12.16 19:18:55.567,0.97254,0.97276,1.00,1.00
2016.12.16 19:18:56.132,0.97253,0.97276,1.00,1.00
2016.12.16 19:18:59.351,0.97255,0.97276,1.50,1.00
2016.12.16 19:18:59.553,0.97259,0.9729,1.75,3.75
2016.12.16 19:18:59.603,0.97264,0.97289,1.00,1.50
2016.12.16 19:19:00.029,0.97259,0.97286,1.75,1.60
2016.12.16 19:19:00.360,0.97259,0.9728,1.00,1.50
2016.12.16 19:19:01.115,0.97258,0.9728,1.00,1.50
2016.12.16 19:19:01.317,0.97258,0.97283,1.00,1.75
2016.12.16 19:19:01.418,0.97254,0.97283,1.50,2.25
2016.12.16 19:19:01.720,0.97258,0.97284,1.00,1.75
2016.12.16 19:19:02.171,0.97264,0.97286,1.00,1.75
2016.12.16 19:19:02.272,0.97264,0.97288,1.00,1.00
2016.12.16 19:19:02.373,0.97269,0.97288,1.00,1.50
2016.12.16 19:19:02.424,0.97264,0.97288,1.00,1.50
2016.12.16 19:19:02.525,0.97264,0.97287,1.00,1.00
2016.12.16 19:19:03.028,0.97263,0.97291,1.00,2.25
2016.12.16 19:19:03.079,0.97263,0.97291,1.00,2.25
2016.12.16 19:19:04.022,0.97268,0.97292,1.00,2.25
2016.12.16 19:19:04.274,0.97267,0.97296,1.50,2.85
2016.12.16 19:19:04.793,0.97269,0.97296,1.00,1.75
2016.12.16 19:19:08.988,0.97265,0.97294,1.75,1.50
2016.12.16 19:19:09.039,0.97266,0.97294,1.37,2.25
2016.12.16 19:19:09.140,0.97265,0.97293,1.00,1.75
2016.12.16 19:19:09.191,0.97263,0.9729,2.25,1.00
2016.12.16 19:19:10.178,0.97269,0.9729,1.00,1.00
2016.12.16 19:19:10.481,0.97273,0.973,1.00,1.00
2016.12.16 19:19:10.532,0.97273,0.97297,1.00,1.50
2016.12.16 19:19:10.684,0.97269,0.97296,1.87,1.37
2016.12.16 19:19:11.202,0.9727,0.97296,1.00,1.37
2016.12.16 19:19:11.453,0.97278,0.97296,1.00,1.37
2016.12.16 19:19:11.688,0.97268,0.97297,1.37,2.25
2016.12.16 19:19:14.264,0.97274,0.97297,1.00,1.75
2016.12.16 19:19:14.630,0.97269,0.97297,1.12,2.25
2016.12.16 19:19:15.147,0.97269,0.97294,1.12,1.00
2016.12.16 19:19:15.681,0.97269,0.97295,1.12,1.12
2016.12.16 19:19:15.833,0.97274,0.97296,1.00,1.50
2016.12.16 19:19:15.934,0.97268,0.97295,1.50,1.12
2016.12.16 19:19:16.236,0.97268,0.97295,1.12,1.87
2016.12.16 19:19:17.233,0.97274,0.97295,1.00,1.75
2016.12.16 19:19:17.334,0.97269,0.97296,1.00,2.25
2016.12.16 19:19:17.435,0.97274,0.97297,1.00,1.75
2016.12.16 19:19:17.536,0.97269,0.97296,2.25,1.37
2016.12.16 19:19:17.737,0.97279,0.97298,1.00,3.37
2016.12.16 19:19:17.838,0.97279,0.97295,1.00,1.00
2016.12.16 19:19:18.513,0.97269,0.97298,1.12,2.25
2016.12.16 19:19:18.939,0.97269,0.97298,1.50,4.87
2016.12.16 19:19:19.509,0.97273,0.97297,1.00,2.25
2016.12.16 19:19:19.560,0.97268,0.97297,1.12,2.25
2016.12.16 19:19:20.029,0.97269,0.97297,1.12,1.75
2016.12.16 19:19:21.141,0.97269,0.97297,1.00,2.25
2016.12.16 19:19:22.761,0.97274,0.97297,1.00,1.75
2016.12.16 19:19:23.120,0.97273,0.97299,1.00,2.25
2016.12.16 19:19:23.522,0.97277,0.973,1.00,1.75
2016.12.16 19:19:24.002,0.97279,0.973,1.00,1.75
2016.12.16 19:19:24.053,0.97277,0.973,1.00,1.75
2016.12.16 19:19:24.663,0.97276,0.973,1.00,1.75
2016.12.16 19:19:25.199,0.97276,0.973,1.00,1.75
2016.12.16 19:19:25.412,0.97279,0.97301,1.00,2.62
2016.12.16 19:19:25.533,0.97282,0.97302,1.00,1.87
2016.12.16 19:19:26.168,0.97282,0.973,1.00,1.50
2016.12.16 19:19:26.683,0.97281,0.973,1.00,1.00
2016.12.16 19:19:26.935,0.97282,0.97306,1.00,3.00
2016.12.16 19:19:27.374,0.97282,0.97305,1.00,2.85
2016.12.16 19:19:27.828,0.9728,0.97305,1.00,2.25
2016.12.16 19:19:27.878,0.9728,0.97303,1.00,1.37
2016.12.16 19:19:28.418,0.97279,0.97303,1.00,1.75
2016.12.16 19:19:30.009,0.9728,0.97303,1.00,2.25
2016.12.16 19:19:30.553,0.97279,0.97304,1.50,2.25
2016.12.16 19:19:31.213,0.9728,0.97303,1.00,1.75
2016.12.16 19:19:31.717,0.97279,0.97303,1.50,1.35
2016.12.16 19:19:32.273,0.9728,0.97302,1.00,1.75
2016.12.16 19:19:32.474,0.97282,0.97306,1.00,2.25
2016.12.16 19:19:32.575,0.97282,0.97306,1.00,1.87
2016.12.16 19:19:32.727,0.97284,0.97306,1.00,1.12
2016.12.16 19:19:35.680,0.97284,0.97308,1.00,1.75
2016.12.16 19:19:36.045,0.97284,0.97304,1.00,3.00
2016.12.16 19:19:36.577,0.97284,0.97305,1.00,1.75
2016.12.16 19:19:36.879,0.97284,0.97305,1.00,1.00
2016.12.16 19:19:37.544,0.97283,0.97306,1.00,1.60
2016.12.16 19:19:39.954,0.97281,0.97305,1.00,1.35
2016.12.16 19:19:40.182,0.97282,0.97304,1.00,1.50
2016.12.16 19:19:40.825,0.97281,0.97305,1.00,2.10
2016.12.16 19:19:41.190,0.97284,0.97305,1.00,2.10
2016.12.16 19:19:42.460,0.97279,0.97305,1.50,2.10
2016.12.16 19:19:42.513,0.97283,0.97305,1.00,2.10
2016.12.16 19:19:43.090,0.97279,0.97305,1.00,2.10
2016.12.16 19:19:43.140,0.97283,0.97305,1.00,2.10
2016.12.16 19:19:44.994,0.97279,0.97305,1.00,1.35
2016.12.16 19:19:45.542,0.9728,0.97305,1.00,3.60
2016.12.16 19:19:46.925,0.97284,0.97304,1.00,1.50
2016.12.16 19:19:48.631,0.9728,0.97301,1.00,1.00
2016.12.16 19:19:49.162,0.9728,0.973,1.00,1.00
2016.12.16 19:19:49.760,0.97279,0.973,1.00,1.00
2016.12.16 19:19:50.312,0.9728,0.973,1.00,1.00
2016.12.16 19:19:52.078,0.97279,0.973,1.00,1.00
2016.12.16 19:19:52.588,0.9728,0.973,1.00,1.00
2016.12.16 19:19:52.891,0.97279,0.97305,1.00,1.75
2016.12.16 19:19:53.323,0.9728,0.97306,1.00,1.75
2016.12.16 19:19:53.424,0.97283,0.97307,1.00,2.25
2016.12.16 19:19:54.035,0.97282,0.97306,1.00,1.75
2016.12.16 19:19:55.897,0.97283,0.97307,1.00,1.75
2016.12.16 19:19:55.998,0.97284,0.97309,1.00,1.75
2016.12.16 19:19:56.540,0.97285,0.97306,1.00,1.00
2016.12.16 19:19:56.871,0.97289,0.97307,1.00,1.00
2016.12.16 19:19:57.661,0.97285,0.97307,1.00,1.00
2016.12.16 19:19:58.301,0.97285,0.97306,1.00,1.00
2016.12.16 19:19:58.833,0.97285,0.97307,1.00,1.00
2016.12.16 19:20:00.004,0.97284,0.97311,1.50,2.85
2016.12.16 19:20:00.155,0.97288,0.97311,1.00,1.75
2016.12.16 19:20:00.306,0.97288,0.97312,1.00,2.47
2016.12.16 19:20:00.407,0.97288,0.97309,1.00,1.00
2016.12.16 19:20:00.558,0.97285,0.97309,1.00,1.00
2016.12.16 19:20:01.023,0.97285,0.97311,1.50,1.50
2016.12.16 19:20:01.123,0.97285,0.97311,1.00,3.00
2016.12.16 19:20:01.736,0.97289,0.97311,1.00,1.87
2016.12.16 19:20:02.667,0.97286,0.97311,1.00,1.87
2016.12.16 19:20:02.854,0.97289,0.97311,1.00,1.87
2016.12.16 19:20:03.325,0.97289,0.97308,1.00,1.30
2016.12.16 19:20:03.702,0.97294,0.9731,1.00,1.00
2016.12.16 19:20:04.137,0.97289,0.97311,1.00,1.50
2016.12.16 19:20:04.528,0.97289,0.9731,1.00,1.60
2016.12.16 19:20:04.887,0.97288,0.97308,1.00,1.35
2016.12.16 19:20:05.954,0.9728,0.97306,1.87,1.12
2016.12.16 19:20:06.004,0.97288,0.97307,1.00,1.75
2016.12.16 19:20:06.155,0.97283,0.97307,1.00,1.75
2016.12.16 19:20:06.317,0.97289,0.97307,1.00,1.75
2016.12.16 19:20:06.738,0.97284,0.97307,1.00,2.25
2016.12.16 19:20:06.890,0.97288,0.97307,1.00,1.75
2016.12.16 19:20:06.940,0.97285,0.97308,1.00,2.62
2016.12.16 19:20:07.042,0.97288,0.97311,1.00,2.62
2016.12.16 19:20:07.143,0.97288,0.97314,1.50,2.62
2016.12.16 19:20:07.243,0.97288,0.97316,3.00,1.75
2016.12.16 19:20:08.726,0.97289,0.97317,1.00,5.62
2016.12.16 19:20:09.295,0.97288,0.97316,1.00,1.75
2016.12.16 19:20:13.701,0.9729,0.97317,1.00,4.87
2016.12.16 19:20:14.670,0.97289,0.97316,1.00,1.75
2016.12.16 19:20:14.771,0.97289,0.97317,1.12,1.75
2016.12.16 19:20:15.274,0.97289,0.97313,1.00,1.00
2016.12.16 19:20:15.781,0.97288,0.97317,1.87,1.75
2016.12.16 19:20:16.744,0.97288,0.97316,1.50,3.37
2016.12.16 19:20:17.445,0.97289,0.97316,1.00,3.37
2016.12.16 19:20:19.945,0.97288,0.97316,1.00,3.37
2016.12.16 19:20:23.397,0.97293,0.97316,1.00,4.12
2016.12.16 19:20:25.523,0.97299,0.97316,1.00,4.12
2016.12.16 19:20:25.674,0.97299,0.97316,1.00,1.00
2016.12.16 19:20:25.926,0.97294,0.97316,1.00,1.00
2016.12.16 19:20:26.132,0.97299,0.97316,1.00,1.00
2016.12.16 19:20:36.005,0.97299,0.97319,1.00,1.50
2016.12.16 19:20:36.245,0.97296,0.97321,1.00,1.37
2016.12.16 19:20:36.296,0.97298,0.97321,1.00,1.12
2016.12.16 19:20:36.497,0.97295,0.97322,1.00,1.00
2016.12.16 19:20:36.699,0.97294,0.97321,1.12,1.50
2016.12.16 19:20:37.061,0.97298,0.97319,1.00,1.30
2016.12.16 19:20:38.393,0.97299,0.97319,1.00,1.30
2016.12.16 19:20:38.920,0.97298,0.97319,1.00,1.30
2016.12.16 19:20:39.774,0.97298,0.97322,1.00,1.37
2016.12.16 19:20:39.824,0.97301,0.97321,1.00,1.12
2016.12.16 19:20:39.925,0.97302,0.97324,1.00,1.00
2016.12.16 19:20:40.981,0.97304,0.97326,1.00,1.35
2016.12.16 19:20:41.161,0.97302,0.97326,1.00,1.35
2016.12.16 19:20:41.648,0.97304,0.97326,1.00,1.35
2016.12.16 19:20:42.165,0.97304,0.97327,1.37,1.60
2016.12.16 19:20:42.266,0.97303,0.97326,1.00,1.35
2016.12.16 19:20:42.848,0.97303,0.97326,1.50,1.35
2016.12.16 19:20:44.249,0.97307,0.97326,1.37,1.00
2016.12.16 19:20:44.300,0.97308,0.97328,1.75,1.00
2016.12.16 19:20:44.400,0.97309,0.97328,1.00,1.00
2016.12.16 19:20:44.947,0.97305,0.9733,1.75,1.00
2016.12.16 19:20:45.510,0.97309,0.97331,1.00,1.50
2016.12.16 19:20:46.512,0.97306,0.97331,1.50,1.50
2016.12.16 19:20:48.414,0.97306,0.9733,1.50,1.50
2016.12.16 19:20:50.761,0.97309,0.9733,1.00,1.00
2016.12.16 19:20:50.962,0.97311,0.97332,1.00,1.00
2016.12.16 19:20:51.365,0.97308,0.97333,1.12,1.60
2016.12.16 19:20:51.416,0.9731,0.97337,1.37,3.75
2016.12.16 19:20:51.922,0.9731,0.97335,1.00,2.25
2016.12.16 19:20:52.280,0.97312,0.97335,1.00,1.12
2016.12.16 19:20:52.633,0.97312,0.97337,1.50,1.00
2016.12.16 19:20:52.942,0.97311,0.97336,1.12,1.87
2016.12.16 19:20:53.541,0.97312,0.97336,1.50,1.50
2016.12.16 19:20:53.930,0.97309,0.97336,1.87,1.50
2016.12.16 19:20:54.350,0.97312,0.97337,1.00,1.37
2016.12.16 19:20:54.897,0.97312,0.97335,1.00,1.00
2016.12.16 19:20:55.406,0.97311,0.97336,1.00,1.12
2016.12.16 19:20:55.736,0.97314,0.97336,1.00,1.37
2016.12.16 19:20:55.827,0.97314,0.97337,1.00,1.50
2016.12.16 19:20:56.650,0.97314,0.97337,1.00,1.50
2016.12.16 19:20:57.309,0.97314,0.97336,1.00,1.00
2016.12.16 19:20:58.013,0.97314,0.97337,1.00,1.50
2016.12.16 19:20:58.064,0.97312,0.97336,1.50,1.00
2016.12.16 19:20:58.392,0.97314,0.97336,1.00,1.00
2016.12.16 19:20:58.493,0.97315,0.97341,1.50,1.75
2016.12.16 19:20:58.544,0.97315,0.97336,1.00,1.00
2016.12.16 19:20:58.645,0.97317,0.97341,1.00,2.25
2016.12.16 19:20:58.746,0.97313,0.97338,2.25,1.50
2016.12.16 19:20:58.897,0.97313,0.97341,2.25,1.12
2016.12.16 19:20:59.403,0.97315,0.97341,1.00,1.50
2016.12.16 19:21:00.848,0.97314,0.97341,1.00,1.50
2016.12.16 19:21:01.399,0.97315,0.97342,1.00,3.00
2016.12.16 19:21:01.603,0.97315,0.97341,1.00,2.25
2016.12.16 19:21:03.635,0.97319,0.97342,1.00,2.25
2016.12.16 19:21:03.686,0.97319,0.97342,1.00,1.87
2016.12.16 19:21:04.194,0.97319,0.97343,1.00,1.00
2016.12.16 19:21:04.719,0.97319,0.97342,1.50,1.00
2016.12.16 19:21:05.675,0.97319,0.97343,1.00,1.00
2016.12.16 19:21:06.497,0.97319,0.97344,1.00,1.00
2016.12.16 19:21:08.329,0.97319,0.97345,1.00,3.00
2016.12.16 19:21:08.830,0.97319,0.97344,1.00,1.00
2016.12.16 19:21:09.572,0.97319,0.97345,1.00,3.00
2016.12.16 19:21:10.071,0.97319,0.97342,1.00,1.00
2016.12.16 19:21:10.934,0.97319,0.97343,1.00,1.00
2016.12.16 19:21:11.509,0.97319,0.97342,1.00,1.35
2016.12.16 19:21:16.055,0.97319,0.97343,1.50,1.60
2016.12.16 19:21:16.630,0.97319,0.97342,1.00,1.35
2016.12.16 19:21:19.842,0.97322,0.97346,1.00,1.87
2016.12.16 19:21:19.942,0.97325,0.97347,1.50,1.00
2016.12.16 19:21:19.993,0.97325,0.97349,1.50,2.25
2016.12.16 19:21:20.044,0.97324,0.97349,3.37,2.25
2016.12.16 19:21:20.144,0.97324,0.97347,1.00,1.00
2016.12.16 19:21:20.245,0.97324,0.97343,1.00,1.00
2016.12.16 19:21:20.736,0.97322,0.97345,1.50,1.00
2016.12.16 19:21:21.631,0.97322,0.97344,1.50,1.00
2016.12.16 19:21:23.191,0.97321,0.97345,1.75,1.00
2016.12.16 19:21:25.394,0.97329,0.97345,1.00,1.00
2016.12.16 19:21:26.460,0.97328,0.97345,1.00,1.00
2016.12.16 19:21:27.182,0.97328,0.97347,1.00,1.00
2016.12.16 19:21:28.218,0.97328,0.97346,1.00,1.00
2016.12.16 19:21:28.478,0.97328,0.9735,1.00,1.00
2016.12.16 19:21:28.552,0.97325,0.97352,2.25,1.00
2016.12.16 19:21:28.604,0.97328,0.97352,1.00,1.00
2016.12.16 19:21:28.928,0.97333,0.97352,1.00,1.00
2016.12.16 19:21:29.042,0.97333,0.97354,1.00,1.00
2016.12.16 19:21:29.579,0.97333,0.97353,1.00,1.00
2016.12.16 19:21:31.287,0.97333,0.97354,1.00,1.00
2016.12.16 19:21:31.525,0.97338,0.97355,1.00,1.00
2016.12.16 19:21:31.676,0.97338,0.97357,1.00,1.00
2016.12.16 19:21:31.881,0.97338,0.97353,1.00,1.00
2016.12.16 19:21:31.931,0.97338,0.97355,1.00,1.00
2016.12.16 19:21:31.982,0.97333,0.97355,1.00,1.00
2016.12.16 19:21:32.562,0.97334,0.97356,1.50,1.00
2016.12.16 19:21:32.613,0.97335,0.9736,1.37,1.12
2016.12.16 19:21:32.664,0.97334,0.97359,1.75,1.00
2016.12.16 19:21:32.765,0.9733,0.97359,2.25,1.87
2016.12.16 19:21:32.896,0.97331,0.97356,1.50,1.12
2016.12.16 19:21:32.947,0.9733,0.97355,1.50,1.00
2016.12.16 19:21:33.109,0.9733,0.97353,1.00,1.00
2016.12.16 19:21:33.613,0.97328,0.97354,1.37,2.25
2016.12.16 19:21:33.815,0.97326,0.97352,1.50,1.00
2016.12.16 19:21:34.355,0.97326,0.97349,2.25,1.00
2016.12.16 19:21:34.510,0.97326,0.97351,1.50,1.00
2016.12.16 19:21:35.158,0.97326,0.97352,1.50,1.00
2016.12.16 19:21:35.764,0.97326,0.97351,2.25,1.00
2016.12.16 19:21:35.865,0.97326,0.97349,1.50,1.00
2016.12.16 19:21:35.916,0.97326,0.97352,1.12,1.00
2016.12.16 19:21:35.967,0.97328,0.97355,1.00,2.25
2016.12.16 19:21:36.068,0.97331,0.97356,1.00,1.00
2016.12.16 19:21:36.169,0.97329,0.97356,1.00,1.00
2016.12.16 19:21:36.407,0.97324,0.97351,3.00,1.50
2016.12.16 19:21:36.719,0.97324,0.97349,1.37,1.00
2016.12.16 19:21:37.069,0.97324,0.97349,3.00,1.00
2016.12.16 19:21:37.893,0.97325,0.97348,1.75,1.00
2016.12.16 19:21:38.816,0.97324,0.9735,4.50,1.00
2016.12.16 19:21:38.967,0.97327,0.97352,1.50,1.00
2016.12.16 19:21:39.261,0.97327,0.97349,1.50,1.00
2016.12.16 19:21:39.312,0.97327,0.97351,1.50,1.00
2016.12.16 19:21:39.668,0.97329,0.97349,1.00,1.00
2016.12.16 19:21:40.240,0.97329,0.9735,1.12,1.00
2016.12.16 19:21:40.791,0.97327,0.9735,1.00,1.50
2016.12.16 19:21:41.473,0.97327,0.97349,1.00,1.00
2016.12.16 19:21:42.054,0.97327,0.9735,1.00,1.00
2016.12.16 19:21:42.500,0.97329,0.97351,1.00,1.00
2016.12.16 19:21:42.828,0.97327,0.97349,1.50,1.00
2016.12.16 19:21:42.880,0.97325,0.97354,1.37,1.75
2016.12.16 19:21:42.976,0.97328,0.97357,1.12,4.50
2016.12.16 19:21:43.026,0.97329,0.97352,1.00,1.00
2016.12.16 19:21:43.329,0.97334,0.97355,1.00,1.37
2016.12.16 19:21:44.578,0.97334,0.97356,1.00,1.50
2016.12.16 19:21:45.249,0.97334,0.97354,1.00,1.00
2016.12.16 19:21:45.350,0.97328,0.97354,1.50,1.35
2016.12.16 19:21:45.401,0.97329,0.97353,1.37,1.00
2016.12.16 19:21:45.502,0.97326,0.97352,1.00,1.50
2016.12.16 19:21:45.603,0.97326,0.9735,1.00,1.00
2016.12.16 19:21:46.264,0.97326,0.97349,1.00,1.00
2016.12.16 19:21:46.416,0.97324,0.97349,1.12,1.00
2016.12.16 19:21:47.462,0.97324,0.9735,1.12,1.00
2016.12.16 19:21:47.953,0.97324,0.97347,1.12,1.00
2016.12.16 19:21:48.104,0.97319,0.97348,1.37,1.75
2016.12.16 19:21:48.375,0.97328,0.97344,1.00,1.00
2016.12.16 19:21:48.425,0.97319,0.97344,1.37,1.00
2016.12.16 19:21:48.526,0.97323,0.97344,1.00,1.00
